2114 2736
918 599 1029 654 Pars
1067 600 1200 669 prior.

348 715 397 746 De
420 724 460 745 ea
482 714 676 753 quaestione,
700 724 791 753 quam
814 714 889 746 mihi
910 714 942 746 in
966 715 1027 746 hac
1043 714 1311 746 commentatione
1327 713 1532 746 tractandam
1546 713 1705 753 proposui,
1729 712 1930 745 Ritschelins

195 755 310 795 olim¹),
334 760 483 796 quantum
506 757 628 796 quidem
655 766 708 789 res
730 758 771 789 ad
793 757 941 790 Plautum
964 757 1114 797 pertinet,
1138 757 1185 788 ita
1207 756 1372 795 iudicavit,
1389 766 1449 796 quo
1466 765 1613 789 sermone
1628 756 1765 789 Plautus
1780 757 1930 789 utamur

194 801 235 831 ad
258 800 345 832 vitae
368 810 457 832 usum
480 810 669 832 communem
692 801 873 839 composito,
897 802 937 832 ab
962 811 997 832 eo
1022 804 1055 832 et
1078 810 1146 832 :es=
1171 804 1205 832 et
1226 804 1313 831 :est=
1337 801 1427 831 verbi
1450 800 1663 837 omissionem,
1694 808 1765 832 cum
1786 809 1807 831 a
1820 799 1929 839 poetis

194 845 258 874 tum
282 852 302 874 a
324 842 531 883 scriptoribus
554 843 790 882 frequentatam
814 843 974 875 sciendum
997 852 1067 875 esse
1091 843 1214 875 omnino
1238 843 1376 875 alienam
1396 852 1455 875 nec
1470 842 1533 875 nisi
1549 842 1721 875 rarissimis
1737 839 1930 876 condicioni-

194 887 251 916 bus
267 888 431 924 probatam
449 895 529 917 esse.
575 887 620 917 At
641 889 749 917 tamen
771 887 802 917 in
826 887 886 917 hoc
910 886 1121 934 sospitatoris,
1145 895 1236 924 quem
1260 886 1378 923 dicunt,
1402 885 1510 917 Plauti
1532 885 1649 917 iudicio
1672 885 1816 917 homines
1838 884 1928 917 docti
1975 906 1981 911 -

194 937 256 958 non
285 937 414 966 prorsus
446 928 671 976 conquiescere
694 930 875 966 potuerunt,
899 931 994 966 atque
1016 928 1134 967 primus
1165 928 1292 958 exstitit
1322 928 1484 967 Bergkius
1512 927 1729 965 adversarius,
1756 927 1810 966 qui
1840 927 1927 959 hac

193 970 296 1010 legem
316 979 421 1002 veram
438 979 508 1003 esse
526 970 649 1002 omnino
666 969 839 1011 negavit2).
884 970 1060 1009 Respondit
1082 970 1275 1002 Ritschelius
1284 968 1311 1009 3)
1337 979 1439 1009 neque
1461 969 1624 1009 Bergkius
1647 969 1761 1005 tacuit,
1783 969 1844 1002 sed
1865 969 1926 1002 ite·

193 1021 261 1043 rum
292 1013 358 1044 eius
381 1013 573 1044 sententiam
602 1012 842 1053 impugnaviw).
889 1013 1025 1044 Mediam
1048 1014 1203 1051 quandam
1237 1013 1319 1045 viam
1351 1016 1482 1044 secutus
1514 1015 1565 1044 est
1596 1012 1735 1051 Brifius,
1744 1010 1775 1052 ⁶)
1804 1012 1860 1052 qui
1889 1020 1926 1044 re

193 1055 364 1087 identidem
395 1064 552 1095 perpensa
582 1056 706 1087 cautius
734 1056 887 1088 iudicavit
918 1059 973 1093 „ut
1002 1066 1150 1087 summam
1181 1056 1261 1095 legis
1291 1056 1324 1087 in
1346 1056 1575 1087 dubitationem
1598 1056 1708 1087 vocari
1729 1064 1793 1088 non
1814 1064 1922 1095 posse,

192 1098 239 1130 ita
271 1098 425 1131 admissas
459 1098 665 1138 exceptiones
700 1099 792 1131 nimis
823 1099 855 1131 in
891 1098 1037 1139 exiguum
1068 1101 1297 1138 angustumque
1322 1100 1362 1130 ab
1390 1099 1600 1130 observatore
1624 1099 1791 1131 conclusas
1814 1097 1921 1130 ωας.ω

192 1141 298 1172 Etiam
321 1140 471 1180 Holtzess)
499 1150 537 1172 ex
564 1144 655 1180 parte
687 1142 810 1180 quidem
833 1141 959 1172 nimium
981 1142 1187 1172 Ritschelium
1211 1141 1415 1172 contendisse
1439 1141 1574 1172 censuit.
1618 1140 1684 1173 Sed
1707 1143 1744 1173 ut
1766 1140 1922 1179 omittam,

192 1193 272 1222 quae
296 1184 462 1215 occasione
486 1184 563 1215 data
586 1184 739 1222 dispersis
761 1184 840 1215 locis
862 1184 916 1215 alii
936 1190 988 1215 vv.
1012 1184 1098 1214 docti
1121 1184 1160 1214 de
1177 1184 1237 1214 hac
1253 1194 1287 1214 re
1303 1183 1515 1222 protulerunt,
1539 1184 1602 1214 iam
1617 1183 1744 1216 nomino
1759 1184 1923 1221 Olsenu,

191 1226 244 1265 qui
266 1235 375 1257 rursus
398 1226 428 1257 in
451 1227 532 1257 hanc
555 1236 622 1257 rem
645 1226 818 1264 diligenter
840 1226 1002 1264 inquirens
1035 1226 1224 1265 conscripsit
1247 1224 1551 1265 dissertationem,⁷)
1574 1234 1637 1265 qua
1660 1228 1775 1258 contra
1790 1227 1922 1258 ”nten-

192 1269 269 1300 tiam
300 1278 396 1306 usque
428 1278 447 1299 a
475 1269 651 1300 Ritschelio
678 1269 758 1300 satis
789 1270 953 1307 vulgatam
984 1269 1203 1299 demonstrare
1231 1269 1338 1299 studet
1367 1268 1447 1299 adeo
1479 1277 1540 1299 non
1572 1268 1712 1300 alienam
1733 1277 1809 1301 esse
1832 1268 1932 1301 verbi

192 1312 292 1342 subst
317 1310 512 1342 omissionem
535 1320 555 1341 a
577 1320 720 1342 sermone
743 1311 893 1342 familiari
916 1320 954 1341 ac
979 1310 1150 1347 cotidiano,
1173 1310 1277 1348 qualis
1300 1310 1343 1341 sit
1365 1310 1544 1348 Plautinus,
1569 1312 1605 1341 ut
1618 1310 1726 1349 potius
1741 1313 1794 1343 sat
1808 1308 1924 1351 ampli·

191 1353 305 1385 finibus
334 1353 571 1391 circumscripta
603 1353 653 1384 sit.
699 1354 747 1384 De
781 1354 839 1384 hac
866 1352 1091 1384 dissertatione
1128 1353 1195 1391 egit
1228 1353 1264 1384 Ο.
1297 1350 1469 1392 Seyffertss)
1507 1361 1609 1391 neque
1640 1351 1767 1391 iniquus
1796 1352 1925 1385 exaurit

192 1396 330 1427 criticus.
377 1395 466 1435 Quae
492 1396 572 1427 bene
601 1404 723 1434 quaeve
753 1395 854 1427 minus
884 1396 964 1427 bene
996 1395 1047 1426 vel
1073 1395 1155 1426 falso
1187 1395 1350 1434 disputata
1382 1394 1455 1432 sint,
1487 1397 1589 1433 recte,
1619 1394 1654 1426 ni
1675 1394 1782 1434 fallor,
1809 1396 1851 1428 ab
1880 1403 1924 1455 eo

191 1439 350 1474 docemur,
373 1438 420 1468 ita
442 1440 477 1468 ut
498 1438 578 1469 satis
601 1439 735 1469 habeam
758 1439 798 1468 ad
821 1439 922 1468 locum
944 1438 1031 1468 infra
1054 1437 1246 1475 adscriptum
1269 1438 1449 1475 adlegasse.
1459 1435 1489 1475 ⁹)

343 1481 409 1513 Iam
441 1489 517 1511 vero
545 1480 615 1511 fieri
643 1480 759 1518 nequit,
792 1481 874 1518 quin,
906 1480 1088 1518 priusquam
1121 1479 1161 1510 ad
1189 1488 1256 1511 iem
1287 1479 1361 1510 mihi
1392 1478 1589 1518 propositam
1611 1482 1789 1518 transeam,
1813 1479 1849 1511 in
1869 1489 1922 1518 ea,

191 1532 273 1561 quae
296 1522 432 1554 Olsenus
455 1522 598 1554 effecisse
621 1522 681 1554 sibi
703 1522 838 1560 videtur,
862 1522 967 1561 paullo
991 1521 1174 1553 accuratius
1197 1522 1360 1560 inquiram,
1384 1521 1467 1560 quod
1498 1530 1536 1553 eo
1567 1521 1670 1562 magis
1691 1521 1923 1554 instituendu-

192 1569 252 1604 est,
281 1565 353 1604 quia
384 1565 438 1596 ille
469 1565 531 1597 iam
561 1565 704 1597 Terentii
733 1565 899 1596 maximam
923 1568 1048 1604 partem
1070 1564 1218 1602 locorum,
1247 1565 1300 1603 qui
1331 1565 1372 1596 ad
1394 1565 1477 1596 hanc
1499 1564 1720 1603 quaestionem
1743 1564 1922 1605 pertineat,

191 1609 360 1646 tractavit;
385 1612 523 1639 ceterum
546 1617 592 1646 ea,
615 1617 696 1646 quae
718 1608 778 1639 iam
802 1608 853 1639 hic
875 1608 907 1638 in
929 1607 1109 1639 uuiversum
1132 1608 1171 1638 de
1195 1616 1315 1638 summa
1344 1607 1393 1638 rei
1415 1607 1615 1645 disseremuS,
1641 1610 1768 1647 postea,
1796 1606 1852 1640 ubi
1879 1608 1923 1640 ud

191 1651 335 1691 singulas
358 1660 411 1682 res
434 1651 629 1690 transgressi
653 1650 777 1688 erimus,
800 1650 976 1681 breviorem
1000 1652 1095 1688 atque
1120 1650 1326 1681 concisiorem
1348 1649 1486 1681 reddent
1502 1653 1645 1681 nostram
1658 1650 1922 1690 disputatio-en.

344 1693 461 1733 Incipit
484 1693 550 1725 Ols.
575 1693 613 1724 ab
637 1693 802 1725 omissione
826 1692 982 1724 secundae
1006 1691 1086 1731 sing.
1110 1701 1192 1731 pers.
1218 1692 1428 1729 obselmvanda
1460 1694 1558 1731 atque
1580 1691 1614 1724 in
1636 1692 1699 1724 hac
1721 1692 1922 1733 potisu‘nt·

189 1739 280 1775 parte
303 1736 458 1767 acerrime
481 1736 643 1776 vulgatam
667 1735 855 1767 sententiam
878 1735 1050 1774 impugnat.
1097 1735 1268 1766 Notissima
1291 1737 1365 1766 sunt
1387 1735 1444 1766 illa
1466 1734 1639 1767 Ritschelii
1660 1736 1780 1768 verba:
1790 1733 1833 1775 ¹⁸)
1854 1736 1922 1774 „nt

191 1779 322 1809 alterius
355 1779 478 1816 quidem
510 1786 666 1814 personae
700 1779 845 1817 exempla
877 1777 1036 1816 negotium
1070 1786 1221 1815 nusquam
1253 1777 1426 1815 facessunt,
1461 1779 1498 1807 ut
1526 1777 1639 1815 quibus
1670 1777 1781 1818 exigui
1807 1777 1922 1811 circuli

189 1821 366 1853 adiectione
389 1833 398 1845 =
411 1830 464 1851 es:
488 1821 603 1859 ubique
625 1820 710 1852 nulla
732 1829 829 1859 opera
851 1818 1067 1851 restituatur“.
1107 1819 1178 1859 Qua
1202 1829 1278 1851 usus
1300 1820 1426 1851 ratione
1449 1818 1654 1858 Ritschelins‚
1677 1828 1749 1852 cum
1771 1823 1807 1852 et
1826 1823 1920 1853 sest=

341 1897 364 1962 :3
389 1897 612 1956 {gfgcghglstpffir
626 1896 1045 1956 ffieXAslterthumswissenschaft.
1086 1928 1194 1955 1850:
1212 1928 1252 1962 Op
1253 1936 1307 1955 usc.
1325 1930 1338 1955 Ι
1356 1929 1415 1962 p.45
1434 1937 1472 1961 sq.

342 1965 364 1996 ³)
391 1964 790 1996 MuaRhen.V11‚.599
809 1972 839 1995 sq
822 1972 864 1996 q.q
883 1974 908 1977 -
926 1964 1020 1996 Opusc.
1039 1963 1066 1989 11
1083 1971 1108 1996 p.
1127 1964 1177 1989 608
1195 1971 1250 1995 sqq

341 1999 360 2029 )
385 1998 535 2024 zeitschrift
551 1997 594 2023 fiir
612 1997 635 2023 d.
654 1998 813 2024 A.1851=
825 1997 1044 2031 0pusc.1p.87
1062 2005 1099 2031 sq.

339 2032 362 2065 δ)
389 2032 527 2064 Progamm
545 2033 591 2072 des
609 2032 792 2073 Gymnasiums
810 2041 843 2058 zu
859 2032 1023 2064 Hirschberg
1042 2034 1116 2058 1854.

341 2067 363 2132 εἴ
380 2066 783 2134 ἒζιὲἒῖιὲηξιῖιεῗιζῗὲιέἓᾜ·
795 2066 837 2128 ἐξ,
846 2073 925 2127 ξιτ-ξι)
938 2068 1111 2128 ἒιὼεαιιιιινο
1130 2102 1273 2134 specimen.

341 2135 363 2165 ⁸)
389 2136 590 2161 Jahresbericht
607 2135 649 2160 fiir
666 2136 741 2161 class.
761 2135 910 2168 Philologie
927 2134 1038 2167 XLVII,
1056 2142 1117 2168 pag.
1131 2136 1164 2161 52
1182 2143 1239 2168 sqq.

341 2169 363 2202 ⁹)
389 2170 443 2196 Hoc
461 2169 519 2196 loco
538 2169 601 2196 mihi
619 2177 702 2202 pauca
725 2170 758 2196 de
776 2177 834 2196 mea
851 2169 933 2196 liceat
950 2155 1173 2196 commentatione
1192 2170 1320 2202 p.roferre
1355 2171 1506 2204 Conscripsi
1524 2171 1594 2197 enim
1612 2179 1672 2198 eam
1689 2171 1742 2197 ιι-
1758 2174 1824 2199 uu

187 2204 336 2237 quennium⁷
355 2211 411 2229 cum
431 2204 511 2229 etiam
528 2204 556 2229 in
573 2210 681 2229 numero
700 2203 829 2229 sodalium
847 2203 982 2229 seminarii
999 2203 1090 2236 philol.
1125 2204 1246 2230 Heidelb.
1271 2212 1364 2234 essem
1385 2212 1471 2238 neque
1489 2205 1554 2231 mihi
1571 2208 1629 2239 tJun
1640 2204 1807 2233 enim

187 2238 297 2264 tationis
317 2238 380 2263 data
393 2241 452 2263 erat
468 2237 590 2263 facultas.
626 2238 682 2262 Iam
707 2245 770 2263 vero
791 2237 920 2263 facultate
945 2238 1041 2268 oblata,
1064 2246 1129 2269 cum,
1152 2243 1337 2278 praeterquam
1354 2239 1424 2271 quod
1443 2239 1584 2266 occasione
1608 2240 1673 2267 dm
1687 2240 1791 2280 'medi
1805 2247 1871 2272 ι..

186 2280 238 2305 qua
256 2272 355 2305 agitur,
373 2272 532 2306 attigerunt,
550 2272 682 2298 neminem
700 2272 784 2297 adhuc
802 2271 951 2298 accuratius
968 2272 995 2298 in
1015 2279 1072 2297 eam
1090 2272 1260 2311 inquisivisse
1279 2273 1416 2306 vidissem,
1435 2281 1488 2300 non
1507 2273 1627 2300 dubitavi
1642 2273 1770 2301 enimn
1784 2280 1829 2307 κ,

187 2311 250 2331 tunc
262 2306 403 2339 disputavi.
438 2301 525 2338 Ipsam
543 2306 734 2332 sententiarum
753 2306 953 2346 dispositionem
977 2314 1031 2332 non
1048 2306 1157 2338 mutavi,
1182 2307 1297 2339 singulis
1317 2307 1424 2340 quidem
1440 2307 1542 2341 passim
1559 2307 1641 2335 aliter
1663 2307 1855 2342 eodm,

187 2340 214 2367 in
232 2348 260 2367 re
279 2340 378 2373 optime
398 2340 505 2367 adiutus
522 2347 578 2366 sum
597 2340 694 2367 auxilio
711 2340 753 2367 Fr.
772 2339 893 2373 Schoelii,
905 2340 1090 2381 ‘praeceptoris
1108 2340 1159 2367 mei
1177 2341 1327 2374 clarissimi,
1345 2342 1389 2368 hic
1406 2342 1462 2369 illic
1477 2350 1553 2369 suam
1570 2342 1603 2369 de
1614 2341 1808 2376 mnu-bd·

187 2374 404 2446 communicarsstis
422 2374 589 2437 εείιιὲιίῗαιιι,
608 2374 647 2401 ita
664 2378 695 2401 nt
712 2378 824 2407 quantas
843 2375 969 2401 maximas
986 2382 1092 2411 possum
1110 2375 1215 2410 gratias
1233 2376 1282 2403 hoc
1299 2362 1356 2403 lo'co
1373 2376 1397 2403 oi
1414 2383 1496 2411 :gere
1514 2384 1602 2404 meum
1618 2383 1680 2405 em
1697 2376 1854 2405 affl...

399 2410 448 2436 Pro

1731 2171 1923 2344 ,ιι
1956 2136 1959 2137 ¹

1847 2280 1924 2343 ιι
