2114 2736
1019 85 1065 117 VI

170 194 275 217 ausus
296 186 436 218 mentiri
451 186 558 218 mihi?
592 188 658 221 Mil.
681 189 719 227 V,
742 192 760 221 9
788 186 859 218 Cur
879 197 911 219 es
932 196 1036 218 ausus
1057 184 1235 226 subigitare
1255 186 1329 218 ibid.
1352 183 1389 218 V.
1415 186 1452 216 12
1481 181 1620 222 Quare's
1639 190 1750 228 am?

170 230 263 262 Tmo.
286 231 329 269 II,
353 234 383 263 2.
407 233 448 263 34
476 229 566 269 Quia
588 229 635 259 ad
651 230 739 269 foris
759 232 889 259 nostras
911 228 1092 269 unguentis·
1113 230 1216 258 uncta
1237 237 1270 257 cs
1290 236 1372 257 ausa
1394 224 1546 259 accedere,
1568 226 1623 258 ubi
1643 234 1712 257 πως.
1727 226 1770 259 ια

170 272 345 305 tollendum
367 273 441 313 poni
463 273 582 305 debuit.
605 274 700 305 Truc.
723 274 766 311 ΙΙ,
785 277 812 305 7.
836 276 877 305 46
900 281 982 312 quor
1003 273 1113 302 ausa's
1136 270 1240 300 alium
1263 269 1317 300 ted
1336 277 1443 299 amare
1464 266 1521 297 hoc
1542 265 1670 297 laomim
1691 261 1825 301 aare&
1840 265 1903 306 ubi,
1941 300 1949 310 ‚7

170 314 198 346 si
220 323 292 347 =es=
315 318 392 348 ante
415 316 530 355 partic.
553 315 688 355 positum
712 318 808 353 esset,
833 325 944 348 :ausaz
967 324 1097 355 prorsus
1122 314 1335 351 delitesceret,
1357 311 1439 351 quod
1462 310 1533 342 acui
1555 310 1662 348 debet,
1685 311 1722 359 ut
1738 309 1904 350 superiora

170 357 288 389 docent
311 358 452 397 exempla
476 361 510 389 et
533 361 569 389 ut
591 359 756 390 sententia
780 359 930 397 postulat.
976 359 1078 390 Unum
1101 359 1223 388 tautum
1245 357 1333 387 modo
1355 357 1460 386 restat
1484 353 1655 392 exemplum
1671 352 1738 384 ml.
1753 352 1797 390 Π,
1814 355 1844 384 6.
1862 354 1902 384 78

174 398 266 438 Quin
288 399 499 429 concubinam
521 399 633 429 erilem
668 398 863 430 insimulare
884 409 989 429 ausus
1010 399 1073 433 es?,
1105 400 1157 431 ubi
1189 400 1272 430 nullo
1305 398 1393 430 modo
1423 396 1523 435 potuit
1554 397 1651 435 poeta
1673 394 1817 427 scribere
1848 403 1902 426 :es

171 451 280 474 ausus:
300 445 451 483 „propter
466 443 606 474 ultimum
622 443 763 482 pedem.“
788 444 935 481 Primum,
960 447 995 475 ut
1017 443 1180 474 ostendam
1204 443 1284 473 hanc
1305 449 1441 472 normam
1465 438 1640 470 collocandi
1662 437 1814 469 usitatam
1835 437 1902 476 qui-

172 486 254 521 dem,
279 489 315 517 at
335 488 444 517 tamen
466 495 526 517 non
551 486 788 525 religiosissime
812 496 883 518 esse
908 488 1117 523 observatam,
1142 486 1197 517 hos
1220 493 1334 523 quaeso
1358 482 1505 514 conferas
1520 481 1622 512 locos:
1647 480 1738 520 Capt.
1754 480 1796 519 Π,
1814 482 1842 511 3.
1860 482 1900 511 52

173 526 278 565 Quom
316 527 409 566 apud
432 526 521 557 hunc
552 528 719 566 consessus
746 537 779 557 es
805 529 885 560 Rud.
909 530 934 566 I,
960 532 988 560 2.
1013 530 1051 559 54
1075 527 1220 556 Fortasse
1242 527 1279 555 tu
1302 525 1364 555 huc
1386 525 1516 553 vocatus
1536 531 1568 552 es
1591 526 1652 554 etc.
1669 525 1733 554 etc.
1777 522 1851 554 Etsi
1866 523 1899 554 in

171 570 221 601 his
244 570 400 610 exemplis
423 579 486 602 non
508 571 607 609 ipsum
631 580 752 602 =ausus=
778 571 890 609 partic.
916 571 1093 608 exhibetur,
1117 573 1222 601 tamen
1245 578 1340 607 quare
1364 577 1425 599 non
1448 567 1588 603 valeant,
1617 575 1679 597 non
1694 567 1756 614 ’est'
1777 565 1899 613 perspi-

172 622 279 650 cuum;
315 623 388 644 nam
411 613 485 650 quid
509 613 606 644 habet
629 614 792 652 peculiare
825 623 956 645 =ausus=
979 613 1102 645 forma?
1148 614 1293 651 Apparet
1315 620 1401 647 saue,
1426 619 1518 648 quam
1541 610 1580 641 ob
1604 617 1670 640 rem
1692 617 1725 639 111
1748 607 1811 656 illis
1835 616 1900 646 qui·

171 655 242 687 dem
266 656 375 687 Olseni
399 655 551 695 exemplis
574 665 634 687 =es=
659 658 733 687 ante
759 656 960 695 participium
983 656 1116 695 positum
1140 656 1190 693 sit,
1212 654 1352 687 nimirum
1368 654 1407 684 ob
1423 660 1620 684 numerorum
1636 650 1900 685 commoditatem3

170 706 244 729 nam
268 698 319 729 hic
343 698 420 729 ordo
443 699 609 729 verborum
633 707 703 729 :cur
726 708 761 729 es
785 708 892 730 ausus:
917 702 981 729 tam
1005 702 1078 737 apte
1103 708 1137 729 se
1163 702 1195 729 et
1217 697 1349 729 iambico
1373 700 1406 727 et
1429 695 1586 726 trochaico
1609 697 1710 725 metro
1728 702 1900 724 accommo-

170 740 237 777 dat,
266 743 302 771 ut
334 740 442 771 nescio
473 750 514 771 an
548 741 630 771 ultro
662 743 778 779 poetae
810 750 844 772 se
868 741 1028 772 obtulerit.
1076 741 1170 778 Atqui
1195 749 1318 778 prorsus
1342 739 1434 769 aliam
1457 738 1606 768 habemus
1630 735 1842 767 condicionem
1867 735 1897 766 in

170 782 225 813 1110
248 791 355 819 versu,
379 782 419 813 de
442 791 501 820 quo
525 783 643 821 agitur,
667 784 742 813 Pac.
768 786 827 813 327
854 783 1030 821 segregare
1053 782 1107 809 abs
1129 784 1160 810 lc
1181 791 1283 810 ausus
1305 778 1565 817 azet-zbzgredz'?
1601 780 1667 810 Iam
1691 787 1794 816 porro,
1818 787 1899 815 quae

170 825 249 855 haec
273 828 323 855 est
346 825 596 863 argumentatio,
620 826 701 863 quod
726 826 791 856 Ols.
816 826 856 856 ad
880 826 1054 863 exemplunm
1078 826 1155 855 illud
1179 825 1241 855 Mil.
1266 825 1306 861 ΙΙ,
1331 828 1357 854 G.
1384 827 1431 860 78,
1464 822 1543 859 quod
1572 821 1726 852 rationem
1750 830 1836 852 suam
1860 820 1899 851 de

171 876 230 898 =es=
253 866 345 898 verbi
369 867 577 898 collocatione
594 867 766 906 impugnat,
797 870 921 906 poetam
938 867 1072 898 adnotat
1094 870 1222 906 propter
1238 866 1373 897 ultimum
1390 866 1499 905 pedem
1523 874 1569 895 :es
1586 873 1690 895 ausus-
1707 863 1792 894 nullo
1809 863 1899 894 modo

172 909 314 940 scribere
329 909 480 948 potuisse.
498 909 583 940 Sane
597 912 632 940 ut
643 919 725 940 nunc
743 910 866 946 quidem
881 910 980 941 verba
996 910 1027 940 in
1038 919 1132 941 versu
1145 910 1316 940 constituta
1332 909 1487 946 leguntur,
1506 916 1552 937 :es
1566 915 1672 937 ausus:
1685 906 1826 936 scribere
1838 915 1899 936 non

170 955 315 990 poterat;
350 952 408 983 sed
441 961 512 983 num
543 961 583 983 ne
613 954 690 983 tunc
721 953 844 989 quidem
873 952 983 992 potuit,
1013 961 1081 983 cum
1112 961 1235 983 versum
1267 951 1430 988 condebat,
1466 950 1527 981 alia
1556 949 1722 981 verborum
1747 948 1837 987 copia
1860 957 1899 979 ac

171 995 380 1025 collocatione
403 995 503 1025 usus?
548 995 693 1032 Denique
718 996 799 1032 quod
824 996 890 1026 wls.
915 996 955 1025 ad
980 995 1112 1025 alterum
1135 995 1210 1025 illud
1234 994 1406 1033 exemplum
1428 993 1580 1024 rationem
1603 1001 1689 1023 suam
1712 991 1900 1030 impugnans

170 1037 265 1068 Truc.
289 1038 349 1067 607
375 1040 603 1068 commentatus
628 1040 686 1073 est,
719 1038 751 1068 id
780 1038 832 1068 vix
864 1038 1006 1074 cuiquam
1038 1041 1167 1076 praeter
1199 1047 1232 1067 se
1265 1037 1363 1075 ipsum
1386 1035 1595 1074 persuaserit3
1627 1044 1696 1066 nam
1720 1042 1812 1071 quam
1836 1043 1898 1065 non

170 1080 343 1110 debeamus
363 1080 527 1117 postulare
551 1080 583 1110 in
606 1080 754 1111 versibus
778 1080 993 1111 scaenicorum
1024 1086 1058 1109 ut
1082 1081 1180 1111 verba
1204 1089 1297 1110 sensu
1320 1088 1429 1117 pressa
1453 1087 1564 1110 versus
1594 1085 1715 1114 quoque
1738 1076 1804 1108 ictu
1826 1086 1898 1115 pre-

170 1124 304 1159 mantur,
329 1121 390 1152 etsi
414 1121 518 1153 Bentl.
542 1122 615 1153 olim
638 1131 755 1153 summo
787 1131 854 1153 cum
888 1122 990 1153 studio
1020 1122 1235 1161 flagitaverat,
1269 1130 1348 1152 nunc
1380 1130 1448 1152 cum
1477 1120 1609 1151 maxime
1641 1119 1801 1159 cognitum
1834 1121 1898 1153 est3

170 1167 301 1195 exstant
329 1165 411 1194 enim
440 1167 491 1195 sat
522 1165 613 1195 multi
637 1165 707 1200 loci,
737 1166 788 1200 qui
818 1169 930 1195 contra
953 1166 1102 1203 probent3
1132 1166 1171 1194 cf.
1201 1164 1332 1202 exempli
1361 1164 1466 1202 gratia
1489 1164 1603 1193 Heaut.
1629 1166 1701 1199 880,
1725 1162 1777 1193 ubi
1801 1165 1897 1199 :tuo=;

170 1207 296 1238 Phorm.
322 1208 393 1243 542,
426 1206 478 1237 ubi
503 1210 574 1245 =tu=;
608 1207 682 1237 ibid.
708 1209 769 1238 544
794 1210 827 1238 et
850 1207 947 1238 Andr.
976 1205 1079 1245 179,¹)
1109 1207 1160 1238 ubi
1185 1217 1298 1245 :nunc-.,
1329 1215 1408 1242 quae
1440 1206 1537 1237 verba
1560 1214 1655 1237 sensu
1683 1204 1733 1237 vel
1763 1204 1897 1236 maxime

170 1250 365 1288 premuntur,
387 1248 420 1280 in
445 1258 534 1280 versu
560 1258 688 1288 prorsus
712 1249 915 1281 delitescunt.

324 1300 392 1331 Iam
423 1308 462 1330 ex
492 1300 549 1337 his,
578 1307 659 1337 quae
692 1301 794 1331 adhuc
826 1301 1134 1339 protuli—possunt
1158 1301 1253 1331 etiam
1277 1301 1366 1338 plura
1389 1300 1627 1330 afferri—satis
1651 1299 1771 1330 confido
1795 1308 1899 1329 unum-

171 1342 437 1380 quemquebaud
460 1342 590 1373 multum
613 1343 724 1373 valere
752 1343 862 1373 Olseni
886 1346 1072 1381 argumenta
1103 1352 1141 1373 ex
1171 1342 1378 1373 collocatione
1411 1343 1575 1373 verborum
1604 1342 1707 1380 petita
1731 1350 1898 1372 concessu-

170 1394 236 1416 rum
260 1393 343 1422 esse,
368 1384 482 1424 quippe
507 1394 576 1415 cum
599 1394 726 1424 semper
749 1395 788 1415 ea
812 1388 936 1415 tantum
961 1388 1182 1415 enumerentur
1205 1385 1356 1421 exempla.
1381 1393 1461 1420 quae
1484 1384 1548 1415 sint
1570 1394 1626 1423 pro
1649 1394 1693 1421 re,
1724 1384 1898 1423 neglegan-

169 1430 223 1458 tur
245 1429 362 1463 autem,
387 1434 468 1463 quae
492 1430 606 1458 contra
630 1436 696 1458 rem
720 1428 851 1458 faciant.
898 1428 960 1458 Sed
984 1428 1145 1458 videamus
1169 1428 1242 1464 alia,
1267 1436 1344 1463 quae
1369 1427 1477 1458 Olseni
1500 1427 1691 1459 sententiam
1707 1427 1760 1458 vel
1776 1427 1899 1465 gravis-

170 1469 267 1500 simae
300 1469 490 1500 dubitationi
522 1469 687 1500 obnoxiam
719 1470 855 1500 reddere
888 1469 982 1500 facile
1014 1470 1237 1508 intellegimus.
1282 1471 1359 1508 Pag.
1383 1473 1422 1500 423
1446 1477 1490 1506 sq.
1515 1470 1533 1500 l.
1558 1470 1578 1500 l.
1624 1469 1690 1501 Ols.
1716 1478 1771 1500 eos
1808 1469 1896 1500 locos

169 1511 312 1549 contulit,
337 1512 451 1548 quibus
475 1521 534 1543 :es=
558 1515 630 1549 post
652 1521 714 1542 :usz
738 1512 891 1551 syllabam
917 1512 1063 1548 traditur,
1099 1512 1153 1542 sed
1186 1521 1290 1542 omnes
1322 1512 1366 1542 ita
1398 1512 1569 1550 comparati
1601 1514 1683 1549 sunt,
1717 1514 1753 1542 ut
1776 1512 1899 1551 syllaba

170 1555 267 1594 plena
289 1554 397 1586 versui
419 1555 605 1586 necessaria
628 1555 686 1591 sit;
717 1564 829 1593 nempe
860 1555 889 1585 ei
914 1555 984 1591 loci,
1014 1555 1125 1591 quibus
1156 1564 1205 1585 vv.
1240 1555 1288 1585 (1(1.
1313 1564 1370 1585 ε8ε;
1394 1555 1545 1594 syllabam
1568 1565 1630 1586 non
1655 1564 1725 1586 esse
1749 1564 1897 1585 necessa-

168 1598 248 1628 riam
270 1598 379 1628 versui
402 1601 596 1633 statuerunt,
632 1598 714 1633 quod
746 1607 805 1636 per
836 1598 1060 1636 synaloepham
1096 1608 1162 1628 cum
1198 1608 1257 1628 211s=
1281 1598 1446 1629 coniuncta
1478 1598 1509 1629 in
1540 1599 1600 1629 hac
1630 1598 1756 1637 syllaba
1784 1598 1897 1635 lateat,

168 1640 286 1673 Olseno
310 1639 414 1672 iudice
438 1640 550 1672 remoti
573 1644 656 1672 sunt.
703 1640 785 1672 Sunt
807 1643 913 1672 autem
936 1640 1059 1680 priores
1082 1640 1127 1672 illi
1152 1640 1261 1679 viginti
1286 1643 1364 1672 octo.
1410 1640 1475 1672 Iam
1498 1650 1568 1681 pag.
1588 1644 1626 1673 56
1648 1648 1693 1679 sq.
1712 1644 1898 1673 enumerata

168 1683 311 1715 videmus
335 1692 373 1714 ea
397 1683 550 1723 exempla,
575 1683 606 1714 in
629 1683 743 1720 quibus
767 1692 825 1713 :esz
853 1687 923 1722 post
947 1684 1163 1722 praedicatum
1188 1684 1218 1713 111
1241 1696 1292 1706 :m
1317 1693 1345 1713 a2
1370 1684 1567 1714 terminatum
1591 1685 1725 1723 positum
1748 1687 1812 1717 est;
1837 1686 1896 1714 hoc

168 1735 270 1765 genus
294 1726 477 1757 continetur
500 1726 579 1756 locis
602 1726 740 1764 triginta
763 1735 832 1762 uno,
857 1726 907 1761 qui
931 1735 1077 1757 numerus
1101 1730 1299 1764 comparatus
1323 1736 1389 1757 (·11111
1412 1727 1474 1763 illo,
1498 1728 1550 1758 ubi
1574 1737 1630 1758 =es=
1647 1731 1719 1765 post
1735 1737 1794 1758 =us:
1811 1728 1898 1759 addi-

168 1771 234 1800 tum
257 1768 413 1806 videmus,
438 1778 507 1800 cum
531 1768 664 1800 maxime
688 1768 962 1807 ingens-videtur,
988 1767 1013 1799 si
1038 1768 1220 1808 cogitamus,
1253 1776 1343 1805 quam
1373 1769 1466 1800 multo
1498 1770 1667 1801 interiores
1698 1774 1807 1809 partes
1832 1770 1898 1802 sint

168 1810 356 1842 feminarum
378 1811 412 1842 in
436 1811 589 1847 colloquio
613 1814 757 1843 veterum
782 1811 958 1841 fabularum
984 1818 1075 1847 quam
1099 1820 1166 1848 eae,
1192 1819 1270 1847 quae
1293 1811 1368 1842 viris
1392 1812 1459 1842 <lari
1483 1813 1615 1844 soleant.
1660 1813 1765 1849 Atque
1789 1813 1822 1844 in
1837 1822 1897 1844 om-

168 1854 260 1885 nibus
284 1854 432 1885 Terentii
466 1854 581 1885 fabulis
609 1863 670 1884 non
703 1854 764 1884 nisi
797 1855 854 1883 hos
885 1857 1008 1892 septem
1033 1854 1118 1884 locos
1142 1854 1256 1890 inveni,
1281 1854 1391 1890 quibus
1414 1863 1472 1885 :es=
1496 1865 1564 1886 cum
1588 1855 1774 1894 praedicato
1798 1856 1830 1887 in
1854 1866 1896 1887 =a2

168 1896 338 1928 terminato
367 1896 568 1928 coniunctum
599 1898 663 1927 est:
706 1895 785 1926 Eun.
817 1898 878 1926 615
910 1893 1113 1924 temulenta’s
1148 1896 1219 1927 ibid.
1246 1899 1304 1926 750
1327 1895 1466 1924 mersta's
1507 1898 1580 1929 ibid.
1619 1901 1696 1929 1017
1733 1896 1898 1926 mentz'ta’s

166 1939 295 1969 Phorm.
308 1940 369 1969 786
381 1937 574 1975 opitulata’s
598 1937 895 1969 Hec.537locuta’s
923 1939 1068 1969 ibid.753
1079 1937 1213 1975 lept'da's
1247 1939 1581 1976 Ad.394sapient1·a’s.
1612 1943 1657 1972 At
1673 1941 1811 1972 fortasse
1828 1942 1897 1977 quis

167 1981 353 2020 opposuerit
375 1981 493 2011 idcirco
516 1983 582 2011 tam
605 1990 700 2018 saepe
724 1983 795 2018 post
819 1992 871 2005 ⁵—
899 1990 929 2011 a:
953 1981 1098 2018 copulam
1122 1981 1254 2019 positam
1279 1990 1359 2017 esse,
1384 1982 1464 2017 quod
1487 1982 1609 2014 omuino
1626 1983 1768 2015 scaenici
1782 1988 1897 2022 poetae

165 2023 286 2056 formas
317 2023 451 2063 copulae
480 2033 500 2055 a
527 2022 632 2055 vocali
663 2022 853 2062 incipientes
882 2025 955 2062 post
986 2023 1116 2055 vocales
1140 2023 1293 2055 collocare
1318 2023 1367 2055 vel
1390 2024 1520 2057 maxime
1545 2026 1759 2058 adamassent.
1806 2026 1898 2067 Quod

166 2075 245 2098 saue
267 2066 482 2104 unusquisque
512 2066 755 2103 concedet,nam
778 2074 877 2097 causa
901 2068 950 2097 est
973 2066 1154 2097 manifesta.
1199 2068 1242 2097 At
1264 2075 1370 2097 rursus
1393 2068 1451 2098 hoc
1474 2069 1707 2101 concedendum
1730 2072 1790 2106 est,
1815 2071 1898 2107 quod

164 2111 218 2141 vel
248 2110 363 2140 cursim
392 2110 502 2140 Plauti
531 2112 564 2139 et
596 2109 741 2139 Terentii
769 2107 896 2139 fabulas
927 2109 1168 2147 perlegentibus
1200 2113 1362 2147 appareat,
1395 2114 1427 2140 et
1450 2111 1561 2142 Plauto
1585 2115 1617 2143 et
1641 2113 1792 2144 Terentio
1817 2123 1895 2149 eam,

164 2160 247 2189 quae
272 2155 323 2183 est
344 2151 490 2191 legitima
514 2151 646 2190 copulae
671 2150 840 2181 collocatio
863 2151 882 2181 i.
907 2160 935 2181 e.
959 2155 1030 2190 post
1052 2151 1151 2190 ipsum
1175 2151 1396 2190 praedicatum,
1421 2163 1558 2185 normam
1587 2165 1647 2185 uon
1676 2156 1800 2191 quidem
1824 2155 1897 2187 reli-

164 2194 344 2235 giosissime
373 2194 608 2226 observandam
639 2196 674 2224 at
702 2196 818 2231 tamen,
848 2194 899 2225 ubi
929 2194 1025 2225 facile
1054 2194 1123 2225 fieri
1151 2197 1287 2233 poterat,
1317 2194 1524 2227 adhibendam
1555 2197 1664 2229 fuisse.
1709 2200 1815 2236 Atque
1844 2199 1897 2230 vel

165 2237 271 2269 obiter
292 2238 326 2268 in
349 2238 433 2269 hanc
456 2246 523 2269 rem
545 2237 663 2268 intenti
688 2236 906 2275 cognoscimus
930 2237 1065 2268 studium
1089 2237 1173 2274 illud,
1198 2245 1257 2273 quo
1285 2242 1382 2276 poeta
1411 2248 1468 2269 =es=
1497 2241 1640 2278 copulam
1667 2245 1740 2281 post
1767 2242 1897 2273 vocales

164 2279 325 2311 collocare
350 2279 515 2318 cupiverit,
546 2288 609 2310 non
637 2283 703 2310 tam
731 2282 881 2310 constans
913 2279 1022 2316 fuisse,
1051 2280 1124 2317 quin
1147 2280 1179 2310 iu
1203 2280 1381 2311 universum
1404 2280 1545 2319 legitima
1571 2284 1702 2320 copulae
1728 2285 1896 2315 collocatio

319 2363 343 2396 ¹)
360 2363 458 2397 Speng.
477 2362 510 2389 ad
528 2363 596 2389 hunc
614 2370 718 2389 versum
737 2361 864 2388 adnotat:
898 2362 1002 2394 „Durch
1028 2362 1079 2388 den
1098 2362 1158 2389 Sinu
1179 2362 1284 2389 betonte
1304 2363 1412 2391 Wiirter
1442 2365 1541 2392 kbnnen
1564 2366 1848 2401 nichtsdestoweniger
1870 2367 1896 2398 iu

164 2398 213 2426 der
230 2398 330 2425 Thasie
348 2398 454 2424 stenen.
490 2397 614 2430 Richtigc
633 2397 818 2423 Deklamation
836 2397 986 2423 vermittelt
1004 2397 1088 2423 hierin
1108 2397 1204 2423 ebcnso
1224 2398 1273 2423 wie
1293 2399 1335 2424 bei
1354 2400 1405 2424 den
1424 2400 1566 2427 deutschen
1585 2402 1738 2435 Dichtern.“
1892 2399 1895 2401 ⁴
