2114 2736
369 152 550 226 *serium-a
570 180 857 222 conquioecendnm
878 176 941 216 εει.
953 182 982 224 ¹)
1004 199 1046 205 —-
1069 183 1140 217 Huc
1161 179 1319 223 pertinet
1324 160 1423 215 etiam

184 218 326 258 ΡΒοηιι
336 223 403 257 104
408 229 478 264 sqq.
910 226 944 255 et
962 233 1025 265 quo
1045 233 1151 264 magu
1171 223 1300 263 dicerer,

376 280 379 282 >
494 264 561 297 Nil
579 265 696 297 aderat
715 265 903 297 αᾰιὶιηιεπιι
917 267 965 297 ad
976 266 1264 307 palchn’tudinem
1287 280 1294 300 :

498 307 649 349 Capillus
664 311 794 349 passus,
817 309 932 340 nudus
947 312 1015 349 pes,
1038 309 1109 350 :psa
1131 309 1273 345 horrida,

493 351 680 386 Lacrumae,
704 351 841 382 vestitus
862 352 979 391 turpib.
995 352 1022 392 2)

342 394 467 427 Similes
489 395 551 427 loci
573 397 662 427 sunt:

189 437 306 471 Heaut.
330 441 391 470 290
414 446 460 477 sq.
498 435 646 477 Capillus
661 439 781 478 passus
796 436 926 478 prolixe
946 439 980 468 et
1000 437 1118 469 cz'rcum
1140 439 1239 478 caput

385 505 387 508 .
494 479 648 509 Reiectus
668 480 882 520 neglegenter,
900 483 981 519 pax.
1392 485 1426 512 et

188 523 269 555 Eun.
294 524 353 554 317
379 532 424 562 sq.
498 521 590 560 Quzd
608 523 668 552 tua
690 521 840 555 istaec?:
876 523 971 553 Nova
981 523 1100 563 figura
1122 533 1188 553 oris
1210 536 1228 555 ε.
1251 522 1367 562 Papae.

461 563 592 595 ·Color
613 574 718 599 verus,
746 568 858 605 corpus
883 564 1022 596 solidum
1044 567 1078 596 et
1096 565 1172 596 saci
1189 564 1337 605 plenum.
1362 578 1379 598 :-
1402 563 1526 595 Anni?
1550 577 1568 598 t:
1592 562 1716 594 Anni?
1736 561 1880 593 seda-in.

187 608 256 639 Iam
277 617 367 639 nemo
391 608 557 640 desideret
578 610 709 640 verbum
732 610 831 640 subst.

188 650 268 681 Hee.
291 654 352 682 439
377 660 443 689 sqq.
922 651 973 679 At
983 650 1121 691 faciam,
1146 652 1186 679 ut
1206 649 1355 679 novet-ik.-

491 691 645 731 Magnus,
670 690 878 726 rubicundus,
902 691 1034 731 crispus,
1058 701 1193 726 crassu5,
1217 691 1349 725 caesius,

497 733 696 763 Cadaverosa
716 733 812 772 facie.

187 788 320 826 Singula
341 788 371 817 h.
394 787 414 817 l.
438 787 647 817 describendo
671 790 897 817 enumerantur
919 787 1065 818 similiter
1086 796 1124 818 ac
1147 787 1184 818 fit
1206 787 1268 817 alio
1291 795 1398 817 rerum
1421 795 1544 817 conexu

188 830 304 861 Heaut.
320 832 400 861 1032
413 836 481 866 sqq.
504 826 553 857 At
573 836 638 866 ego,
661 826 695 857 si
713 837 762 857 me
783 827 908 862 metuit,
932 838 1035 858 mores
1056 838 1130 858 cave
1153 828 1187 857 in
1210 830 1242 857 te
1263 837 1329 857 esse
1350 826 1428 857 istos
1448 827 1597 857 sentiam.

452 882 469 902 2:
496 869 607 908 Quos?
630 882 648 902 :2
672 869 717 900 Si
732 869 814 899 scire
834 870 892 904 vis,
916 879 972 910 ego
994 869 1096 900 dicam
1113 884 1119 903 :
1131 879 1235 910 ger-ro,
1260 869 1356 904 iners,
1376 869 1487 908 fraus,
1511 868 1633 904 helluo,

496 912 616 946 Ganeo,
641 912 825 942 damnosus.

189 966 365 1005 Compluria
388 965 484 996 etiam
508 968 733 996 enumerantur
755 966 816 996 hoe
838 965 918 1003 loco,
942 966 981 1010 de
1003 973 1061 1002 quo
1084 966 1146 997 iam
1168 975 1264 1005 supra
1286 965 1403 997 dietum
1428 968 1496 997 est:

188 1009 309 1039 Phorm.
328 1009 389 1039 248
402 1014 469 1043 sqq.
494 1004 660 1035 Meditata
682 1005 768 1035 milti
784 1007 865 1035 sunt
885 1015 994 1036 omma
1016 1016 1085 1036 mea
1108 1006 1313 1040 incommoda,
1337 1015 1413 1036 erus
1434 1006 1469 1035 si
1486 1004 1640 1035 redierit:

492 1046 681 1077 Molendum
703 1056 805 1087 usque
827 1047 862 1077 in
880 1047 1031 1087 pistrino,
1055 1048 1290 1088 vapulandum,
1314 1047 1480 1078 habendae
1501 1046 1669 1088 compedes,

492 1089 582 1129 Opus
604 1099 676 1119 ruri
677 1089 896 1131 'faciundum
919 1104 925 1123 :
950 1091 1066 1121 horum
1088 1091 1141 1120 nil
1155 1114 1162 1121 .
1180 1117 1186 1124 .

340 1142 504 1173 Gerundia.
534 1142 585 1172 hic
619 1142 901 1179 substantivorum,
936 1143 1113 1181 gerundivo,
1142 1143 1372 1174 adiectivorum
1409 1143 1556 1182 partibus
1585 1142 1779 1182 {unguntum
1809 1141 1924 1182 oopult

188 1186 294 1216 autem
316 1183 399 1216 nullo
422 1186 519 1223 pacto
542 1183 752 1216 desiderat-ur.
775 1201 816 1205 —

340 1226 436 1258 Aliud
451 1234 551 1266 genus
567 1226 742 1259 omissionis
759 1227 805 1259 eis
820 1227 898 1259 locis
917 1227 1085 1263 invenitur,
1108 1227 1159 1264 qui
1175 1227 1334 1266 proverbii
1348 1226 1417 1259 fere
1434 1228 1626 1260 brevitatem
1641 1226 1816 1272 attingunt,
1832 1225 1925 1259 velut

339 1270 398 1300 Ad.
423 1272 483 1298 867
508 1276 554 1304 sq.
577 1268 681 1296 Duxi
697 1278 830 1297 uxorem
855 1282 861 1300 :
884 1277 980 1307 quam
1002 1268 1051 1297 ibi
1068 1269 1230 1297 miseriam
1254 1268 1347 1297 vidi!
1368 1268 1536 1308 natifilii,
1558 1268 1562 1308 Ι
1582 1268 1667 1298 Alta
1688 1275 1777 1297 cura.

339 1311 376 1342 In
398 1311 459 1342 hoc
480 1319 601 1350 genere
618 1311 850 1343 sententiarum
873 1320 940 1343 cum
963 1321 1080 1343 summa
1095 1311 1257 1343 brevitate
1280 1312 1380 1343 verba
1396 1312 1540 1351 componi
1563 1320 1627 1343 non
1646 1320 1725 1351 opus
1747 1313 1800 1343 est
1821 1310 1923 1343 dictu.

187 1354 257 1385 Huc
280 1354 445 1392 pertinent
467 1353 547 1384 haec
571 1354 731 1393 exempla:
776 1354 875 1385 Andr.
904 1357 962 1385 164
985 1351 1077 1382 Mala
1100 1362 1197 1386 mens,
1222 1352 1332 1381 malus
1352 1352 1494 1382 animus.
1703 1357 1738 1385 et

339 1396 456 1427 Heaut.
481 1398 541 1426 643
565 1393 692 1423 Melius
708 1394 814 1433 peius,
832 1394 939 1433 prosit
959 1394 1046 1428 obsit,
1070 1394 1122 1423 ml
1141 1394 1254 1423 vident
1274 1393 1345 1423 miri
1361 1394 1449 1434 quod
1468 1394 1598 1424 habent.

339 1446 378 1478 In
400 1446 450 1477 his
473 1446 596 1482 quidem
620 1446 772 1485 exemplis
794 1456 856 1478 non
878 1446 980 1486 magis
1003 1448 1132 1478 verbum
1156 1447 1254 1477 subst.
1287 1447 1482 1486 cogitatione
1506 1447 1732 1479 assumendum
1754 1449 1807 1478 est
1827 1454 1922 1484 qn·

187 1489 219 1520 in
241 1488 403 1520 notissimo
426 1488 480 1519 illo
504 1488 588 1519 dicto
617 1498 780 1520 ειιιιιιιιιιιιι
801 1489 858 1527 ins,
892 1498 1008 1521 summa
1031 1489 1169 1526 iniuriaa
1201 1489 1257 1520 sed
1281 1489 1408 1529 singula
1429 1490 1573 1521 membra
1595 1489 1729 1522 nudeo
1750 1490 1922 1529 ponatur.

188 1532 306 1579 ellipsis
328 1540 404 1563 vero
427 1540 489 1562 uon
513 1534 579 1569 est3
604 1534 715 1562 contra
737 1541 847 1564 veram
863 1532 987 1571 ellipsin
1003 1531 1221 1571 cognoscimus
1237 1531 1269 1562 in
1285 1531 1385 1563 Arist.
1402 1533 1479 1564 Pax
1496 1542 1525 1564 v.
1547 1533 1626 1564 1068
1642 1499 1914 1571 ωνδοειαιψυισί

187 1571 286 1603 δόλιαι
308 1574 416 1612 φρένες
439 1576 473 1604 et
494 1573 527 1604 in
549 1574 607 1605 hoc
630 1574 823 1606 Terentiano
846 1575 930 1606 loco:

338 1625 463 1656 Phorm.
487 1627 550 1655 454
575 1623 661 1659 Quot
681 1623 834 1658 homines,
859 1625 907 1653 tol
926 1623 1105 1653 sententiae
1128 1636 1134 1655 :
1158 1633 1234 1653 suos
1255 1623 1392 1663 quoique
1412 1633 1487 1653 mos.

188 1668 268 1704 qnod
290 1667 323 1698 in
351 1670 484 1703 utroque
516 1667 583 1698 loco
608 1676 647 1698 ea
670 1670 720 1698 est
751 1668 945 1698 constructio
971 1668 1149 1704 verborum,
1183 1670 1218 1698 ut
1241 1676 1338 1698 =esse=
1361 1668 1452 1698 verbi
1481 1668 1531 1699 vis
1560 1668 1731 1699 sentiatur.
1755 1683 1798 1688 —
1819 1667 1924 1700 Simili

187 1710 277 1741 modo
308 1712 403 1746 atque
426 1709 482 1740 illa
510 1709 679 1748 proverbia
701 1710 801 1740 =Mala
823 1718 920 1747 mens,
949 1710 1049 1740 malus
1081 1709 1212 1740 animuss
1243 1712 1279 1742 et
1301 1709 1401 1748 5(ζὶιιοι
1431 1710 1584 1747 homines,
1617 1713 1641 1741 t.
1665 1719 1704 1741 ιι.ς
1732 1709 1787 1741 all.
1810 1709 1922 1742 neseio

187 1762 229 1783 an
252 1755 364 1783 coorta
385 1752 428 1782 sit
451 1751 546 1782 etiam
569 1752 649 1782 haec
671 1751 787 1783 locutio
809 1752 939 1783 dictum
961 1751 1093 1782 factum
1115 1752 1167 1782 vel
1190 1751 1322 1782 =dictum
1337 1760 1377 1782 ac
1393 1751 1524 1783 factum:
1532 1750 1581 1791 ;³)
1610 1753 1751 1784 membra
1771 1751 1924 1793 opp*

188 1797 263 1826 sunt
286 1797 320 1826 et
341 1794 387 1825 ita
409 1794 439 1825 in
462 1793 613 1825 formulae
633 1802 722 1825 usum
745 1794 903 1831 abierunt,
926 1801 1007 1830 quae
1030 1803 1088 1833 per
1103 1794 1313 1832 parenthesin
1335 1794 1427 1825 illata
1448 1794 1594 1831 reliquae
1609 1794 1796 1826 sententiae
1817 1797 1924 1827 ιιι-ω·

187 1841 289 1868 tnram
318 1837 403 1867 nullo
432 1836 522 1867 modo
552 1835 704 1875 infringit.
749 1818 925 1875 Eugraph’ii
956 1839 1062 1867 autem
1093 1836 1338 1875 explicationem
1372 1836 1413 1867 ad
1441 1837 1558 1868 Heaut.
1591 1838 1653 1868 760
1685 1834 1809 1866 datum
1840 1833 1922 1877 [ac]

177 1878 310 1918 factum
333 1876 463 1907 reddzdz
481 1890 487 1909 :
514 1879 562 1916 ,,Ιι.
586 1887 613 1909 ε.
638 1887 707 1909 cum
729 1878 874 1916 dixisses
904 1878 1025 1909 iactum
1048 1878 1196 1909 continuo
1218 1878 1373 1915 reddidi‚“
1399 1879 1440 1909 ad
1471 1886 1564 1915 quam
1586 1879 1703 1920 Wagn.
1733 1879 1794 1911 hoc
1815 1877 1923 1912 Mt·

189 1921 274 1960 „also
291 1921 433 1953 ==factum
447 1920 566 1960 Objekt
588 1930 626 1951 zu
642 1920 807 1952 :reddidi=“
812 1923 935 1960 ‚patet
951 1921 992 1951 ad
1007 1921 1114 1951 hunc
1105 1930 1205 1959 lpsum
1227 1921 1329 1952 locum
1353 1921 1557 1961 compositum
1580 1931 1654 1954 esse
1675 1928 1780 1959 neque
1801 1921 1922 1955 inut-

186 1964 310 1994 illorum
333 1964 499 1995 verborum
522 1963 583 1994 vim
605 1962 795 2002 significare,
819 1972 911 2002 quam
935 1972 974 1994 ex
996 1963 1115 1994 ceteris
1136 1963 1215 1995 locis
1238 1963 1463 2003 perspicimus3
1492 1964 1533 1996 ef.
1557 1964 1655 1996 etiam
1676 1966 1810 2004 praeter
1831 1962 1922 2003 m·-

187 2006 328 2038 Andriae
352 2006 453 2038 locum

338 2049 455 2080 Heaut.
480 2050 541 2079 904
564 2046 700 2076 Dictum
719 2046 847 2085 factum
869 2046 947 2077 hinc
968 2046 1051 2077 abiit
1075 2046 1227 2087 Clitipho.

339 2092 388 2122 Ad
410 2091 648 2130 proverbiorum
670 2091 860 2122 brevitatem
882 2092 1023 2130 pertinet
1039 2091 1145 2129 etiam,
1168 2091 1250 2127 qnod
1272 2091 1407 2130 legimus
1423 2092 1522 2123 Andr.
1547 2094 1586 2122 61
1610 2092 1652 2119 ut
1671 2089 1797 2130 nequid
1808 2090 1921 2122 minuas.

187 2132 257 2173 (scl.
281 2131 375 2174 agas)
399 2136 433 2164 et
454 2132 529 2165 ibid.
553 2142 582 2165 v.
609 2135 667 2164 126
690 2130 769 2162 hinc
790 2130 867 2162 illae
889 2131 1077 2162 lacrumae!
1095 2131 1166 2172 (sel.
1191 2130 1289 2172 sunt).
1315 2149 1353 2154 —

341 2269 362 2299 ¹)
380 2268 517 2300 Fleckeis.¹
536 2268 583 2294 alii
601 2269 652 2294 :Tu
670 2268 785 2294 servo's=.

222 2350 249 2372 te
266 2349 279 2372 t
313 2310 430 2371 d²yLubi,
449 2317 603 2362 quaquuam
626 2311 661 2337 ad
678 2311 780 2344 reliqna
804 2311 920 2337 membra
944 2310 1148 2337 enumerationis
1167 2314 1256 2344 posset
1274 2310 1380 2344 quidem
1398 2311 1524 2338 accedere
1549 2315 1621 2343 :eata
1646 2319 1708 2338 num
1732 2311 1816 2338 etin-
1834 2315 1922 2339 εσ-ιτ

186 2354 219 2379 po
252 2354 264 2372 s
295 2353 311 2371 a
347 2355 357 2368 =
382 2353 528 2371 acrumaez.

339 2388 361 2419 ⁸)
378 2388 458 2414 Andr.
476 2389 540 2420 281;
558 2388 651 2414 Heaut.
671 2389 728 2420 760,
747 2389 805 2420 904,
824 2391 854 2414 ut
872 2388 967 2414 Graeci
984 2388 1123 2420 loquuntur
1147 2381 1272 2422 ἅμ’ἒπος,
1283 2381 1426 2423 ἅμ’ἔργον.
