2114 2736
370 166 483 215 Etiam
504 182 556 214 his
578 182 659 214 locis
682 182 821 215 Olsenns
842 181 985 214 Bembini
1007 181 1194 221 scripturam
1217 169 1379 220 amplexus
1401 179 1526 220 ellipsin
1549 188 1622 219 8888
1643 178 1715 212 vult
1725 153 1884 221 ’1101811110ζ
1911 191 1927 212 ,·
1948 203 1953 208 .

354 225 456 258 Andr.
481 227 541 257 749
586 223 688 254 Satin
709 233 821 259 sanuS,
845 223 907 263 qui
923 232 972 253 me
993 222 1029 252 id
1048 222 1164 262 rogites
1171 221 1195 261 ?‚
1897 242 1899 244 .

215 267 271 299 ubi
292 268 408 308 copula
430 268 524 300 deest
546 268 580 300 in
603 268 697 305 GDP,
720 270 753 299 et
774 268 857 300 Eun.
881 269 952 303 854,
976 266 1027 297 ubi
1051 266 1082 297 ll.
1107 266 1186 297 Call.
1211 266 1389 303 praebentx·
1811 283 1824 294 .

586 308 678 339 Num
700 318 803 338 meam
823 307 976 338 saevitum
999 305 1141 336 veritus?
1158 320 1175 338 ::
1192 305 1270 335 Non
1286 318 1303 338 z:
1323 305 1416 345 Quid
1436 305 1562 345 zjqitur?

257 374 259 376 v
373 353 437 385 Sed
465 354 495 385 A
523 353 639 385 habet:
672 352 863 389 :verituse⁸=,
894 360 960 390 cop.
988 350 1059 381 add.
1084 349 1145 387 A¹,
1183 352 1217 381 ut
1248 349 1391 388 videtur3
1426 350 1507 381 Don.
1537 358 1677 389 quoque:
1710 349 1846 381 :veritus
1870 349 1951 383 es?=.

216 397 324 428 Bentl.
347 396 487 428 numeris
511 395 628 427 sufficit
651 395 834 426 scribendo:
858 391 1013 422 verz'tu’s?
1029 405 1046 423 ::
1064 392 1141 420 Non
1159 404 1176 423 2:
1194 391 1295 420 Non?
1317 391 1399 430 quid
1418 391 1546 430 igitur?
1568 394 1725 432 probante
1742 392 1868 430 Olseno,
1891 393 1953 424 nisi

216 438 301 476 quod
323 438 467 477 copulam
491 437 712 476 expellendam
736 438 857 467 censet.
882 435 965 474 Quid
987 434 1140 465 faciamus
1163 434 1246 465 nos?
1271 452 1309 457 -

370 481 422 512 Ex
444 480 502 517 eis,
526 489 607 518 quae
631 480 735 512 adhuc
757 479 884 517 prolata
907 479 989 513 sunt,
1018 476 1151 507 vidimus
1174 474 1260 514 apud
1284 476 1478 510 Terentium.
1501 480 1537 508 111
1561 477 1755 516 ceteroquin,
1784 477 1832 508 ita
1855 477 1951 508 etiam

215 523 249 554 in
274 522 518 562 interrogativis
548 521 718 553 sententiis
750 520 894 559 exempla
926 519 1015 550 verbi
1048 519 1147 549 subst.
1172 518 1286 556 omissi,
1322 519 1361 550 de
1384 519 1496 557 quibus
1528 520 1654 559 quidem
1681 519 1768 551 nulla
1791 520 1835 551 sit
1865 519 1952 551 iusta

215 565 372 598 dubitatio
396 575 454 604 pro
477 567 551 596 rata
573 567 665 603 parte
688 566 739 594 sat
761 562 976 600 infrequentia
998 560 1135 592 inveniri
1160 564 1193 592 et
1217 571 1342 600 semper
1364 562 1434 593 fere
1457 562 1536 601 ipsis
1559 563 1668 594 verbis
1692 563 1811 601 aliquid
1833 562 1949 600 inesse,

214 608 297 646 quod
315 607 422 646 ellipsi
436 607 557 638 faveat.
591 607 658 637 Iam
674 615 748 636 vero
772 614 839 635 cum
860 604 994 635 Olsenus
1018 604 1058 634 ad
1083 603 1228 642 exiguum
1249 604 1336 635 illum
1357 613 1518 635 numerum
1536 608 1588 636 sat
1604 614 1750 643 magnam
1768 605 1949 643 congeriem

215 649 336 690 ellipsis
366 649 577 689 exemplorum
606 647 762 679 adiectum
793 649 857 684 eat,
890 646 928 678 118
960 645 1073 685 quibus
1105 645 1208 677 adhuc
1241 655 1320 678 unus
1351 646 1483 686 quisque
1516 647 1584 680 fere
1612 650 1646 680 et
1673 657 1735 680 non
1758 646 1827 679 sine
1851 656 1951 680 causa

214 693 384 730 dubitavit,
407 692 478 723 fieri
500 700 563 722 non
585 693 702 729 potest,
726 690 800 727 quin
823 690 884 720 iam
908 690 948 719 ab
972 689 1062 719 initio
1086 689 1243 719 increduli
1268 690 1373 720 simus.
1419 691 1463 721 At
1490 691 1543 721 ubi
1566 694 1656 722 certa
1686 692 1876 730 argumenta
1899 699 1950 721 ex-

213 737 311 771 stant,
336 734 510 768 credamus,
533 734 559 764 si
583 733 729 770 sapimus,
761 731 901 769 oportet!
947 731 1011 761 Sed
1037 740 1194 768 quaenam
1219 735 1294 762 sunt
1317 734 1397 763 haec
1426 736 1516 763 certa
1549 733 1765 771 argumenta?
1810 733 1949 763 Primum

213 779 276 808 est:
301 776 498 816 synaloepha
521 784 583 806 =ns=
606 777 639 806 et
661 784 720 806 =es=
743 773 937 813 syllabarum
960 782 1119 811 nunquam
1148 783 1279 812 usquam
1304 774 1437 806 exstitit.
1484 776 1554 807 Hoc
1585 778 1803 814 argumentum
1828 775 1949 807 confido

212 819 269 857 eis,
301 828 382 858 quae
409 818 441 850 in
472 818 576 857 priore
609 819 701 855 parte
732 816 973 855 disputavimus,
1005 816 1043 847 de
1075 816 1177 847 medio
1210 817 1375 848 sublatum.
1421 818 1557 849 Praeter
1584 818 1647 850 alia
1677 817 1710 849 id
1733 817 1949 850 reminiscaris

210 871 336 900 quaeso,
364 862 446 899 quod
469 869 541 899 pag.
558 860 622 890 VII
644 860 683 890 de
713 860 765 889 illo
788 859 930 889 Andriae
959 859 1028 889 loco
1054 868 1083 889 v.
1109 861 1166 888 621
1194 860 1340 890 diximus.
1386 861 1528 891 Alterum
1554 864 1619 891 est:
1652 860 1797 891 Bembini
1820 863 1853 890 et
1876 861 1949 891 reli-

210 913 336 943 quorum
351 903 468 943 passim
485 902 625 934 codicum
640 901 798 933 memoria.
845 901 945 940 Quam
962 901 992 932 in
1009 901 1070 932 hac
1091 901 1284 940 potissimum
1306 912 1341 934 re
1366 903 1446 934 satis
1471 913 1543 935 esse
1564 903 1713 935 fallacem
1733 903 1765 934 in
1781 903 1948 942 propatulo

210 949 269 978 est.
293 946 444 983 Tertium,
469 945 548 983 quod
564 944 781 984 gravissimum
798 947 849 975 est
873 947 915 981 et,
940 953 1008 974 cum
1033 944 1106 974 aliis
1124 944 1273 976 subsidiis
1297 955 1398 984 paene
1423 945 1570 977 destituti
1589 945 1697 983 simus,
1720 945 1845 977 unicum
1861 945 1947 977 fere:

208 990 308 1029 ipsam
334 988 479 1020 Terentii
496 988 565 1018 dico
589 987 715 1018 dicendi
732 986 1004 1022 consuetudinem,
1028 987 1154 1024 qualem
1171 987 1295 1025 quidem
1315 997 1353 1018 ex
1370 988 1442 1018 aliis
1466 988 1565 1019 certis
1582 988 1735 1027 exemplis
1751 997 1947 1027 cognoscere

207 1031 371 1071 possimus,
393 1031 425 1062 id
447 1030 548 1069 ipsum
572 1032 631 1067 est,
655 1030 736 1068 quod
759 1029 824 1060 Ols.
849 1038 911 1060 non
935 1029 1081 1068 neglexit
1104 1029 1236 1067 quidem,
1261 1033 1296 1061 at
1318 1033 1426 1062 tamen
1449 1040 1556 1069 parum
1579 1030 1738 1069 respexit;
1768 1030 1817 1062 sin
1841 1035 1947 1063 autem

208 1074 288 1106 satis
318 1073 523 1114 respexisset,
556 1072 734 1105 invenisset
762 1072 920 1103 rationem
955 1081 1042 1103 suam
1073 1081 1112 1103 ea
1142 1072 1222 1103 adeo
1250 1082 1313 1104 non
1344 1073 1491 1110 stabiliri,
1519 1076 1555 1105 ut
1577 1073 1628 1105 vel
1660 1073 1794 1104 maxime
1825 1073 1946 1105 caduca

206 1117 381 1148 videretur.
427 1116 546 1147 Omitto
563 1118 638 1146 ante
662 1115 767 1146 omnia
783 1114 1011 1145 dubitationem
1028 1115 1182 1152 quandum
1201 1124 1237 1145 eo
1258 1115 1388 1152 moveri,
1411 1116 1502 1154 quod,
1527 1124 1595 1146 cum
1612 1116 1714 1146 adhuc
1728 1115 1760 1146 in
1777 1116 1947 1147 sententiis

205 1158 446 1198 interrogativis
469 1167 530 1188 non
554 1158 641 1188 nulla
663 1157 787 1195 quidem
811 1156 928 1187 tertiae
953 1156 1033 1196 sing.
1058 1165 1142 1195 pers.
1168 1157 1322 1196 exempla,
1346 1157 1410 1188 tria
1432 1166 1556 1196 quoque
1581 1157 1721 1189 eiusdem
1749 1158 1828 1196 plur.
1852 1167 1945 1196 pers,

207 1201 324 1232 nullum
346 1203 452 1232 autem
469 1197 554 1231 alius
569 1209 725 1239 personae
748 1209 808 1230 nec
827 1199 1002 1238 singularis
1018 1208 1078 1229 nec
1094 1199 1227 1237 pluralis
1243 1200 1467 1237 invenerimus,
1491 1209 1573 1231 nunc
1590 1200 1701 1231 Olseni
1721 1208 1797 1231 cura
1813 1204 1947 1239 repente

206 1243 340 1275 omissae
372 1243 532 1275 secundae
564 1243 645 1281 sing.
670 1252 755 1281 pers.
779 1242 831 1273 vel
863 1242 1028 1273 duodecim
1062 1242 1207 1280 exempla
1229 1242 1462 1281 ingrediantur,
1495 1243 1585 1280 quasi
1607 1243 1679 1274 huic
1707 1252 1865 1281 personae
1888 1244 1948 1275 soli

206 1286 276 1318 fere
299 1286 348 1317 ius
371 1285 547 1317 omissionis
565 1285 746 1322 conveniat,
771 1300 810 1304 —
835 1284 955 1321 omitto,
979 1284 1059 1321 dico,
1083 1284 1228 1322 quoniam
1247 1285 1405 1316 secundae
1422 1294 1508 1323 perS.
1533 1285 1733 1316 adhibendae
1756 1285 1787 1316 in
1811 1285 1945 1317 interro-

206 1328 389 1367 gationibus
412 1328 481 1367 plus
503 1336 594 1366 quam
617 1327 698 1358 alias
721 1327 849 1357 occasio
873 1326 1028 1364 occurrit3
1053 1327 1110 1357 sed
1132 1330 1258 1357 restant
1281 1327 1364 1358 aliae
1390 1336 1508 1366 eaeque
1532 1328 1700 1365 graviores
1718 1327 1943 1359 dubitationes.

207 1371 318 1402 Nonne
341 1371 394 1402 vel
416 1370 550 1402 maxime
572 1370 747 1401 mirandum
772 1372 823 1400 est
846 1378 955 1400 omnes
978 1369 1051 1400 illos
1075 1369 1173 1406 101108,
1197 1369 1308 1407 quibus
1331 1370 1396 1401 Ols.
1421 1371 1549 1401 verbum
1574 1371 1675 1401 8111181.
1701 1370 1847 1401 011118811111
1872 1380 1944 1402 8888

208 1413 382 1451 contendit,
405 1413 452 1444 ita
475 1421 546 1444 esse
570 1414 776 1452 comparatos,
808 1414 844 1443 111
867 1412 1088 1451 praedicatum
1112 1413 1268 1444 vocabulo
1292 1412 1323 1443 in
1348 1424 1400 1436 =—
1416 1421 1464 1444 us=
1487 1413 1658 1444 terminato
1682 1412 1851 1451 efficiatur,
1876 1422 1943 1445 cum

206 1464 310 1494 neque
334 1456 387 1487 alii
409 1465 509 1494 neque
533 1456 598 1487 Ols.
629 1465 668 1486 ne
693 1464 785 1486 unum
809 1455 933 1493 quidem
962 1455 1067 1485 adhuc
1090 1455 1266 1493 exemplum
1290 1455 1481 1492 invenerint,
1513 1456 1566 1487 ubi
1590 1465 1650 1486 =es=
1675 1455 1820 1487 omissum
1845 1456 1887 1486 sit
1911 1456 1942 1487 in

207 1498 435 1536 enuntiatione,
459 1498 545 1529 cuius
568 1498 783 1537 praedicatum
806 1498 839 1528 in
862 1510 916 1521 2-
929 1506 959 1528 a=
984 1497 1036 1529 vel
1059 1497 1092 1528 in
1116 1497 1211 1528 aliam
1228 1498 1382 1536 syllabam
1406 1500 1510 1529 exeat.
1535 1498 1593 1533 An,
1617 1498 1644 1529 si
1668 1507 1737 1529 cum
1753 1497 1871 1529 femina
1894 1502 1944 1530 est

208 1541 402 1579 colloquium,
426 1550 548 1579 semper
564 1550 603 1572 ea
626 1544 677 1571 est
694 1540 836 1571 condicio
861 1543 956 1578 atque
973 1543 1091 1570 natura
1108 1540 1271 1577 sermonis,
1296 1541 1346 1571 cui
1368 1541 1470 1571 minus
1490 1544 1568 1578 apta
1592 1541 1634 1572 sit
1650 1541 1770 1579 ellipsis
1787 1541 1943 1579 copulae?

208 1583 292 1622 Quid
313 1583 362 1614 rei
385 1586 444 1621 est,
475 1583 536 1614 nisi
558 1586 593 1614 ut
623 1583 817 1622 suspicemur
848 1582 1037 1621 frequenter
1060 1586 1132 1620 post
1156 1594 1208 1606 =—
1222 1591 1269 1613 us:
1299 1583 1456 1621 syllabam
1480 1583 1624 1622 copulam
1654 1583 1857 1614 intercidisse
1882 1584 1942 1621 vel,

206 1628 242 1656 ut
264 1626 445 1656 accuratius
477 1625 622 1662 dicamus,
655 1626 687 1656 in
711 1638 763 1648 2—-
776 1635 822 1656 118ς
854 1626 1012 1664 syllabam
1035 1625 1260 1655 concessisse?
1306 1625 1356 1656 Ad
1380 1634 1436 1656 eos
1468 1626 1682 1664 explorandos
1704 1626 1798 1662 locos,
1830 1626 1943 1664 quibus

206 1668 239 1699 id
261 1667 382 1699 factum
405 1670 464 1706 est,
487 1677 527 1699 ne
550 1668 629 1703 illos,
656 1668 709 1699 ubi
733 1669 772 1699 ab
802 1668 870 1707 ipso
899 1667 1056 1706 scriptore
1090 1667 1204 1706 copula
1235 1667 1351 1699 omissa
1375 1671 1434 1705 est,
1460 1668 1516 1705 eis,
1549 1669 1602 1699 ubi
1624 1668 1774 1699 memoria
1796 1668 1943 1700 librorum

206 1710 322 1742 omissa
344 1711 504 1748 videatur,
527 1713 680 1742 accurata
701 1720 778 1749 opus
801 1713 851 1742 est
868 1710 1010 1742 Terentii
1034 1710 1282 1748 consuetudinis,
1305 1713 1340 1741 ut
1364 1710 1445 1742 alias
1469 1711 1681 1749 cognoscitur,
1705 1711 1941 1742 observatione.

358 1753 507 1790 Primum,
538 1762 607 1784 cum
637 1753 801 1785 videamus
832 1753 931 1785 Andr.
965 1751 1021 1784 751
1048 1752 1096 1784 ita
1128 1752 1335 1792 interrogari:
1369 1751 1547 1786 Dictura's,
1581 1752 1667 1791 quod
1695 1751 1841 1792 r0g0?¹),
1865 1754 1941 1785 item

203 1795 287 1827 Eun.
318 1798 379 1827 819
411 1794 489 1824 Non
512 1796 547 1824 tu
572 1794 654 1824 istuc
675 1794 759 1824 mihi
786 1794 916 1825 dictura
948 1796 1058 1833 aperte
1086 1803 1126 1827 es,
1160 1794 1321 1833 quidquid
1340 1794 1460 1834 est?¹)„
1494 1797 1578 1827 haud
1606 1797 1671 1827 scio
1704 1806 1745 1827 an
1776 1800 1865 1827 reete
1889 1806 1940 1828 vv,

204 1838 290 1869 docti
321 1847 381 1869 =es=
414 1838 553 1876 copulam
583 1838 808 1870 revocaverint
839 1839 920 1869 Eun.
946 1842 1006 1869 696
1031 1837 1222 1866 Monstrum
1246 1837 1396 1871 hominis,
1429 1847 1495 1866 non
1519 1837 1719 1877 d1'cturu’s?;
1753 1848 1845 1877 porro
1869 1840 1940 1870 coll.

201 1878 286 1911 Eun.
309 1883 371 1911 896
391 1878 498 1917 Quam
521 1881 558 1908 tu
575 1888 639 1908 rem
663 1881 775 1908 actura
798 1879 916 1909 obsecro
936 1879 992 1908 es?
1006 1879 1030 1918 ¹)
1056 1881 1233 1919 adstipuler
1256 1881 1310 1918 eis,
1334 1882 1385 1919 qui
1409 1881 1552 1912 scribunt
1569 1882 1666 1912 Andr.
1686 1884 1746 1912 724
1772 1880 1941 1918 Quidnam

201 1920 444 1960 meaptum’s?;
476 1922 570 1953 etiam
603 1922 810 1953 confidentius
842 1923 1013 1954 secundum
1050 1923 1136 1953 illum
1173 1923 1332 1954 Prisciani
1361 1924 1462 1955 locum
1499 1924 1594 1955 credo
1624 1924 1723 1955 Andr.
1758 1925 1819 1954 621
1853 1921 1945 1957 Quid

200 1962 375 1994 meritu’s?
396 1964 566 2004 genuinum
590 1973 670 1996 esse.
715 1965 837 1996 Deinde
854 1965 880 1996 si
896 1965 1188 2005 comparaverimus
1209 1965 1292 1997 Eun.
1312 1969 1390 1997 1017
1416 1965 1498 1995 Hem
1521 1964 1604 2004 quid
1623 1964 1747 1998 dzhtisti,
1766 1964 1942 2003 pessuma?

200 2015 246 2035 an
268 2005 437 2038 merita’s?
458 2006 556 2035 etiam
579 2005 687 2034 rides?
714 2011 747 2038 et
769 2008 884 2038 Heaut.
909 2010 971 2039 848
994 2017 1039 2046 sq.
1063 2007 1176 2036 Iamne
1198 2006 1317 2037 oblitus
1348 2017 1381 2036 es
1404 2008 1407 2046 Ι
1432 2008 1527 2037 Inter
1557 2016 1624 2041 nos,
1654 2006 1737 2046 quid
1755 2009 1798 2036 sit
1820 2007 1940 2036 dictum

200 2047 239 2078 de
256 2047 433 2087 fallacia?,
454 2058 515 2080 non
532 2049 735 2081 dubitandum
759 2053 809 2081 est
832 2051 869 2081 (18
894 2051 990 2082 Andr.
1008 2053 1068 2082 496
1092 2059 1173 2079 num
1197 2050 1355 2080 veritu’s?
1370 2050 1397 2090 2)
1422 2055 1456 2083 et
1479 2052 1539 2083 Ad.
1565 2054 1627 2082 234
1650 2059 1710 2079 cur
1725 2049 1880 2089 passu’s?
1902 2070 1939 2074 -

199 2092 314 2124 Paullo
338 2091 533 2131 explicatius
557 2092 713 2130 agendum
733 2096 783 2123 est
805 2093 842 2123 de
865 2094 943 2124 Hec.
968 2096 1039 2130 825,
1063 2094 1116 2125 ubi
1139 2094 1248 2125 Bemb.
1273 2095 1409 2133 praebet
1432 2095 1515 2125 hunc
1538 2103 1683 2125 versum:

353 2219 376 2251 ¹)
395 2219 440 2245 ubi
458 2226 545 2251 neque
564 2218 599 2244 ad
617 2218 783 2244 efficiendam
802 2219 907 2251 longam
926 2220 1052 2252 syllabam
1070 2228 1155 2253 neque
1175 2222 1209 2247 ad
1228 2221 1329 2247 hiatum
1349 2221 1504 2247 evitandum
1523 2228 1574 2246 =es=
1587 2220 1689 2253 syllaba
1707 2228 1771 2253 opus
1785 2224 1851 2253 erat,
1870 2217 1938 2254 quae

196 2261 255 2280 cum
273 2253 386 2280 maxime
405 2251 504 2279 Olseno
523 2259 617 2278 causae
635 2252 716 2278 fuisse
736 2253 864 2285 videntur,
882 2262 927 2279 cur
946 2254 1011 2280 alias
1030 2255 1134 2287 saepius
1154 2263 1231 2287 quam
1249 2256 1311 2288 post
1328 2255 1509 2288 praedicatum
1528 2255 1555 2280 111
1573 2264 1617 2276 =—
1635 2263 1677 2280 us:
1697 2255 1866 2281 terminatum
1886 2263 1938 2281 =es=

196 2287 303 2314 verbum
321 2287 437 2320 positum
461 2286 635 2312 inveniamus·
663 2286 728 2311 Cum
745 2286 796 2312 iam
814 2287 906 2312 eadem
925 2288 961 2312 sit
979 2290 1104 2313 sermonis
1124 2294 1220 2314 natura
1246 2297 1323 2321 quam
1342 2290 1368 2314 in
1387 2289 1441 2314 illis
1460 2289 1595 2321 exemplis,
1614 2288 1657 2314 ubi
1682 2293 1740 2321 post
1758 2289 1938 2321 praedicatum

194 2321 222 2348 in
240 2330 285 2344 =-
302 2329 346 2347 us=
365 2320 489 2347 desinens
507 2320 621 2346 Olsenus
639 2320 711 2347 verb.
729 2320 813 2346 subet.
835 2321 959 2346 omissum
977 2329 1035 2347 esse
1054 2322 1158 2353 statuit,
1177 2331 1222 2349 (1111·
1241 2331 1294 2349 11011
1314 2323 1395 2349 etiam
1413 2323 1455 2348 hic
1473 2327 1553 2355 poeta
1572 2330 1622 2348 =es=
1644 2323 1742 2355 omisit,
1761 2331 1813 2355 quo
1832 2323 1937 2349 minime

197 2356 315 2388 curabat,
334 2355 433 2388 qnippe
452 2354 498 2387 qui
516 2354 540 2380 si
558 2353 613 2379 018.
630 2360 721 2379 verum
739 2354 816 2385 vidit,
834 2354 923 2386 potius
942 2355 1081 2381 omitteret
1098 2356 1216 2388 copulam
1234 2364 1312 2389 quam
1331 2356 1503 2383 admitteret?

351 2387 374 2421 ¹)
393 2388 427 2414 cf.
447 2387 538 2419 etiam,
557 2395 624 2420 quae
642 2395 703 2419 pag.
722 2387 788 2413 VIII
806 2388 838 2413 de
857 2388 906 2413 hoc
923 2389 977 2413 loco
996 2389 1197 2422 disputavimus.
