2114 2736
202 197 288 227 pers.
336 188 403 221 01⁸.
418 189 563 229 protulit,
585 190 648 222 iam
671 191 701 222 h.
723 190 745 222 1.
767 200 828 223 non
851 192 1013 230 accedam,
1037 192 1127 230 quod,
1152 199 1220 222 cum
1243 190 1276 221 in
1299 189 1345 222 eis
1367 199 1429 221 non
1449 198 1535 222 nova
1558 188 1664 227 aliqua
1684 188 1823 228 ratione,
1844 187 1937 230 ut-in
1971 192 1975 224 ἶ

203 230 345 262 secunda
375 240 460 271 pers.
485 232 567 272 sing.
590 232 709 264 factum
732 236 793 272 est,
819 233 852 265 in
881 243 947 266 rem
973 234 1185 273 inquisiverit,
1213 232 1373 271 generalis
1395 231 1518 271 quidem
1540 228 1807 263 considerationis
1829 230 1935 266 mfflus
1970 236 1973 243 ¹
2000 236 2002 238 ’
2083 236 2085 239 “

202 272 291 304 locus
313 274 517 312 conceditur;
541 284 603 306 non
626 275 713 306 nulla
735 278 853 314 tamen,
877 277 929 308 ubi
949 277 988 308 de
1011 277 1078 316 ipso
1094 276 1243 307 Terentio
1259 284 1398 315 agemuS,
1422 274 1589 306 occasione
1606 272 1684 304 data
1698 272 1934 305 advocabimus.

201 315 272 347 Iam
293 318 413 354 restat,
442 320 478 348 ut
503 317 661 349 rationem
690 318 901 351 subducamus
929 323 1023 358 atque
1047 319 1257 356 diiudicemus‚
1287 318 1411 357 quinam
1433 317 1556 349 fructus
1579 325 1619 347 ex
1641 315 1712 364 eis‚·
1728 324 1809 354 quae
1832 315 1935 348 adhuc

202 357 443 397 disputavimus,
468 359 510 391 ad
525 362 666 392 nostram
680 361 895 399 quaestionem
911 362 1097 394 redundent.
1144 359 1364 401 Aphaeresis
1386 358 1502 400 igitur
1524 366 1586 391 =es=
1609 356 1713 391 verbi
1736 365 1808 390 non
1831 356 1934 391 dubi·

201 399 352 432 tandum
375 402 434 433 est
455 400 543 442 quin
565 401 762 434 exstiterit.
807 403 875 443 Quo
898 413 1050 435 concesso
1072 405 1103 435 in
1127 404 1290 443 propatulo
1314 405 1373 441 est,
1397 402 1572 440 ubicunque
1593 403 1668 440 post
1689 415 1743 428 =—
1765 409 1814 432 us=
1837 400 1934 441 sylla-

201 443 274 474 bam
297 453 358 475 =es=
381 444 496 476 deesse
520 445 657 483 videtur,
681 455 719 476 ex
742 445 833 477 libris
855 457 928 478 mss.
954 448 1030 478 nihil
1055 447 1182 479 evenire
1206 446 1311 477 auxilii
1342 446 1381 476 ad
1405 444 1646 477 diiudicandum.
1691 445 1736 475 At
1758 446 1867 475 tamen
1890 444 1932 475 ab

202 484 249 516 eis
272 485 513 524 proficiscamur
540 490 675 526 oportet.
723 488 807 527 Quid
830 498 906 529 ergo
931 489 1133 521 faciendum?
1178 490 1249 520 Mea
1278 488 1399 526 quidem
1427 486 1588 519 sententia
1615 487 1696 517 bene
1727 486 1932 525 procedemus

201 527 283 559 hanc
315 528 399 560 viam
430 529 580 569 ingressi.
627 530 675 561 Ne
698 532 829 570 temere,
859 532 911 563 ubi
934 541 993 563 :es=
1017 532 1156 571 copulam
1180 531 1403 568 desideramus,
1434 529 1541 561 statim
1565 529 1680 560 circulo
1709 528 1763 560 illo
1786 528 1930 561 adhibito

201 578 271 600 eam
295 580 335 601 ex
357 583 409 595 =—
425 580 474 602 us=
497 571 622 610 syllaba.
637 574 870 610 protrahamus,
894 574 1071 613 priusquam
1094 577 1194 604 utrum
1216 573 1408 603 admovenda
1430 581 1471 603 an
1487 571 1658 603 omittenda
1681 571 1724 602 sit
1739 573 1928 609 statuamus,

200 610 280 643 rell.
304 610 375 645 loci
397 613 508 654 atque
534 611 701 653 inprimis
724 613 883 648 eiusdem
908 615 1097 657 scriptoris
1127 613 1332 648 conferendi
1356 615 1450 653 sunt,
1480 612 1611 655 quibus
1633 621 1722 646 voce
1751 611 1788 645 in
1818 611 1928 645 alium

200 653 337 686 exitum
353 655 552 688 ter-minata
567 655 817 696 praedicatum
833 657 1008 695 efficitur-3
1032 667 1144 698 neque
1160 657 1250 690 satis
1267 658 1324 689 est
1340 656 1403 689 hos
1420 656 1516 688 locos
1532 654 1770 705 grammatica
1785 654 1929 688 ratione

198 694 337 729 similes
360 705 451 735 esse,
482 696 548 730 sed
570 706 720 731 necesse
744 700 801 731 est
823 699 932 732 etiam
961 700 995 732 in
1020 699 1142 732 eadem
1166 698 1424 732 sententiarum
1449 697 1656 731 condicione
1679 706 1741 730 eos
1764 706 1846 730 esse
1870 704 1929 738 po-

198 736 309 778 sitos3
333 742 410 771 tunc
428 741 550 772 demum
574 740 707 772 aliorum
729 750 853 781 quoque
877 743 1075 782 scriptorum,
1098 743 1148 782 qui
1172 742 1277 774 eodem
1300 742 1452 774 sermonis
1475 750 1595 782 genere
1619 742 1759 779 utuntur,
1783 740 1928 781 exempla

199 782 379 821 comparari
402 786 535 822 possunt
559 784 600 815 ad
622 782 878 817 illustrandum
903 787 1077 817 omissionis
1100 795 1207 826 genus,
1240 786 1277 816 de
1300 795 1359 824 quo
1383 786 1443 816 iam
1472 785 1504 816 in
1527 787 1635 816 nostro
1658 784 1816 823 scriptore
1840 783 1928 816 nulla

197 823 241 855 sit
265 824 432 863 dubitatio,
456 835 559 865 neque
582 829 699 863 tamen,
724 827 785 857 nisi
808 837 877 858 cum
901 838 1019 859 summa
1043 829 1183 859 cautione
1208 829 1251 865 fit„
1276 829 1316 858 ad
1338 826 1561 867 probandum
1583 827 1649 858 tale
1665 835 1777 866 genuS,
1802 827 1841 858 de
1868 836 1927 866 quo
1980 843 1984 847 >

197 866 296 938 ¹etiam
319 866 496 940 diffiitetur.
541 868 612 907 Qua
635 868 688 901 via
710 870 878 909 patefacta
907 880 989 903 nunc
1020 872 1150 910 denique
1182 880 1217 902 eo
1240 871 1446 909 pervenimus,
1478 873 1514 902 ut
1544 870 1584 901 ad
1611 869 1711 909 ipsum
1744 870 1927 902 Terentium

213 918 349 948 ransgre
384 919 483 942 amur.
