2114 2736
171 201 394 276 φώρια
409 205 493 243 quod
510 169 730 236 demonstrant
750 203 823 243 loci,
839 204 953 242 quales
974 205 1065 236 sunt:
1078 203 1170 236 Cure.
1186 202 1213 241 Ι,
1232 205 1260 234 1.
1276 205 1295 234 9
1316 200 1392 231 Tute
1405 199 1468 231 tib:
1481 202 1610 240 putres
1635 202 1733 234 Poen.
1747 197 1818 244 ΠΙ,
1824 205 1854 235 5.
1867 204 1912 236 40

218 244 358 286 αιςῖιειο
385 246 442 294 fur:
470 256 503 277 es
534 244 618 276 mz'lu'
639 247 757 278 Bacch.
780 246 807 284 Ι,
831 249 858 278 2.
887 248 924 278 15
947 245 974 283 t,
996 243 1117 275 stultt'or
1149 254 1181 274 es
1202 243 1331 274 barbara
1352 242 1473 273 Petreio
1504 244 1592 276 'Prin
1615 243 1672 283 IV,
1695 247 1724 276 2
1750 246 1812 278 144
1831 243 1911 279 Bo,

176 297 284 326 quaeso
303 298 344 319 an
365 294 397 319 tu
418 289 446 319 is
468 288 522 319 es?
544 292 606 321 etc.
650 290 710 321 His
743 289 887 321 omnibus
908 290 997 327 locis,
1019 295 1205 328 quamquam
1229 287 1397 320 vocabulis
1426 287 1487 319 alio
1517 286 1628 318 ordine
1650 287 1837 319 constitutis
1859 296 1912 319 oc-

170 331 265 363 >casio
288 332 367 365 data
389 335 461 365 erat
483 342 542 365 ==es
565 334 639 372 post
660 332 802 364 vocalem
828 331 1014 370 collocandi,
1043 334 1150 363 tamen
1173 330 1286 363 maluit
1315 339 1386 361 eam
1411 332 1508 369 poeta
1536 331 1608 369 post
1635 328 1855 369 praedicatum
1875 330 1908 363 in

178 377 402 408 consonantem
433 375 582 407 desinens
612 375 781 406 collocare.
828 374 912 414 Quid
941 375 1023 412 quod
1053 374 1140 405 haud
1170 373 1391 410 infrequenter
1418 371 1573 404 eiusmodi
1599 371 1662 404 loci
1691 372 1910 407 inveniuntur,

178 416 231 447 ubi
254 418 373 449 ceteris
396 418 504 450 verbis
519 418 643 449 minime
665 417 796 449 mutatis
820 417 904 466 optio
924 417 1002 448 data
1025 421 1077 448 est
1099 416 1194 448 aliam
1217 425 1256 447 ac
1271 416 1447 464 legitimam
1462 414 1596 454 copulae
1615 414 1757 455 eligendi
1775 412 1912 447 colloca·

176 458 318 491 tionem?
351 460 441 500 Quae
464 470 532 493 cum
554 460 601 492 ita
624 460 695 498 sint,
719 469 823 492 nonne
845 460 908 491 iam
931 469 1082 499 perquam
1105 459 1216 491 mirum
1239 461 1297 494 est,
1330 458 1411 495 quod
1433 457 1464 489 in
1488 457 1602 490 Olseni
1624 457 1741 490 Plauto
1764 459 1839 497 post
1858 466 1913 490 vo-

182 510 236 533 ces
259 502 291 534 in
315 515 359 527 ι-
391 513 439 534 us=
463 506 629 541 exeuntes,
651 507 686 534 ut
709 503 820 540 quibus
842 503 937 542 longe
960 502 1214 539 frequentissime
1238 502 1456 541 praedicatum
1485 500 1569 532 effici
1601 500 1712 536 soleat.
1739 503 1806 532 tam
1836 510 1913 532 raro

185 553 242 583 pro
265 548 337 576 rata
361 548 454 584 parte
477 555 536 577 =es=
560 546 745 577 collocatum
768 545 954 578 invenitur?
999 546 1109 577 Nonne
1140 545 1267 576 videt-ur
1289 544 1423 576 Plautus
1453 543 1564 575 nescio
1596 550 1656 580 quo
1677 543 1791 575 timore
1813 552 1912 575 voces

180 586 212 617 in
236 598 289 610 =—
312 596 360 619 us:
384 588 568 620 desinentes
591 587 808 627 perhorruisse
833 590 866 619 et
887 587 958 619 ideo
982 591 1048 619 tam
1071 596 1178 627 saepe,
1203 587 1229 618 si
1253 588 1383 619 verbum
1405 586 1439 618 in
1462 594 1567 617 =—-us=
1595 585 1799 618 terminatum
1821 594 1914 626 prae·

179 629 278 659 dicati
306 630 407 661 locum
440 631 572 668 obtinet,
606 631 746 670 copulam
776 632 829 662 vel
858 632 1000 662 omisisse
1031 631 1084 662 vel
1106 631 1146 662 de
1171 630 1316 670 legitima
1339 630 1417 661 sede
1440 630 1472 660 in
1496 628 1593 660 aliam
1615 629 1799 668 delegasse,
1828 628 1912 666 quod

178 680 257 709 eam,
282 681 359 711 cum,
388 675 424 704 ut
450 673 574 709 quidem
598 673 664 705 Ols.
692 673 821 709 indicat,
848 684 905 713 per
936 673 1163 712 synaloepham
1191 683 1260 704 cum
1291 682 1350 704 =us=
1384 672 1510 711 syllaba
1533 671 1729 712 coniungere
1751 671 1912 709 nequiret,

178 722 239 744 non
264 714 331 746 sine
355 715 467 746 damno
491 724 603 747 versus
624 723 740 752 ponere
764 717 816 748 vel
840 717 953 747 saltem
976 725 1036 747 non
1060 716 1170 747 eadem
1194 715 1281 753 sede,
1306 724 1368 753 qua
1395 715 1477 746 alias
1506 714 1642 752 solebat,
1665 713 1838 746 admittere
1859 723 1912 753 po-

178 755 259 786 tuit?
283 757 346 788 Sed
368 766 440 788 num
465 766 563 788 sanae
588 762 638 788 est
659 758 791 789 rationis
814 759 853 789 de
877 759 934 789 tali
957 758 1083 789 ratione
1108 757 1270 797 cogitare?
1315 758 1427 788 Nonne
1451 759 1488 787 ut
1520 756 1678 788 nonnullis
1712 755 1792 788 loeis
1813 755 1914 793 plena

179 798 305 837 syllaba
327 808 386 830 :es=
409 800 441 830 in
465 809 559 831 versu
582 800 742 831 condendo
764 801 900 832 molesta
921 801 1027 838 fuerit,
1058 801 1105 831 ita
1136 800 1207 832 aliis
1236 799 1419 831 necessaria
1443 807 1515 831 esse
1538 799 1692 837 poterat?
1736 798 1860 837 Nonne,
1885 798 1912 830 si

179 841 274 879 plena
296 841 419 880 syllaba
441 842 575 872 molesta
598 846 677 879 erat,
700 843 873 874 mutilatam
896 843 1027 874 formam
1051 843 1204 874 adhibere
1229 842 1378 882 poterat?
1403 858 1444 861 —
1466 842 1497 873 id
1521 842 1633 881 ipsum,
1649 842 1732 880 quod
1748 841 1817 873 01⁸.
1840 850 1910 873 eum

180 886 281 922 negat
316 884 466 922 potuisse,
499 885 556 915 sed
587 885 696 922 quibus
725 886 851 916 tandem
881 885 1003 916 innisus
1031 885 1235 916 auctoribus?
1279 886 1324 915 At
1357 885 1540 923 priusquam
1573 885 1614 916 de
1644 884 1695 915 his
1726 883 1911 921 iudicent&

176 925 277 956 liceat
300 926 395 957 aliam
417 935 482 957 rem
506 927 659 965 proferre,
684 936 764 965 quae
786 928 883 959 multo
906 928 1007 967 magis
1030 936 1122 966 quam
1146 936 1194 965 ea,
1226 935 1307 964 quae
1337 927 1440 959 adhuc
1467 926 1501 958 in
1523 926 1708 959 universum
1735 925 1912 964 disputavi-

178 977 256 1007 mus,
279 969 519 1007 demonstrabit,
544 970 797 1006 quemadmodum
819 970 969 1002 Olsenum
992 970 1095 1008 opinio
1119 970 1278 1002 fefellerit.
1324 970 1395 1002 Non
1419 970 1502 1002 enim
1526 969 1644 1002 desunt
1671 972 1762 1001 certa·
1783 969 1911 1008 indicia,

179 1020 196 1042 e
227 1011 341 1050 quibus
370 1020 486 1043 revera
519 1012 646 1050 saepius
673 1013 706 1043 111
730 1013 848 1044 tradita
881 1013 1018 1045 lectione
1047 1028 1099 1040 :-
1122 1022 1172 1044 us=
1207 1013 1350 1050 copulam
1373 1022 1434 1044 =es=
1457 1013 1561 1044 latere
1584 1012 1768 1044 luculenter
1787 1012 1912 1051 perspi-

179 1063 252 1085 cere
276 1054 390 1091 possis.
434 1056 541 1091 Atque
563 1055 695 1092 primum
718 1064 757 1086 ex
778 1055 855 1092 ipsis
877 1056 939 1086 illis
962 1056 1152 1087 testimoniis
1175 1056 1312 1092 depromi
1335 1058 1452 1093 potest,
1476 1064 1559 1093 quae
1582 1055 1649 1087 Ols.
1673 1055 1707 1087 in
1729 1063 1819 1087 suam
1841 1063 1910 1086 rem

177 1096 286 1127 facere
309 1096 370 1128 sibi
392 1097 563 1133 persuasit.

331 1147 458 1179 Etenim
481 1147 509 1179 is
533 1148 573 1179 ad
596 1148 671 1179 duos
694 1148 900 1180 Terentianos
929 1149 1013 1180 locos
1046 1149 1321 1188 grammaticorum
1350 1148 1534 1180 testimonia
1563 1148 1746 1186 advocavit,
1778 1148 1911 1188 primum

177 1189 218 1221 ad
241 1190 339 1221 Andr.
363 1192 435 1228 496,
466 1190 518 1222 ubi
540 1190 684 1222 Donatus
708 1190 853 1223 exhibet:
888 1200 978 1230 „num
1006 1188 1139 1231 veritus]
1176 1192 1285 1223 Deest
1277 1200 1341 1228 es=‚
1383 1194 1460 1231 apta
1489 1190 1612 1231 ellipsis
1642 1190 1910 1224 irascentis“—

178 1233 313 1263 alterum
336 1233 376 1263 ad
399 1242 428 1264 v
454 1236 513 1263 621
545 1233 685 1264 eiusdem
711 1233 847 1271 fabulae,
876 1234 928 1264 ubi
949 1234 1017 1273 ipse
1041 1235 1188 1265 adnotat:
1212 1234 1405 1271 „Priscians
1445 1234 1531 1272 :quid
1560 1233 1708 1265 meritus=
1741 1242 1799 1273 pro
1824 1234 1912 1273 =quid

177 1274 349 1309 meruisti=3
372 1275 461 1307 Serv.
485 1276 517 1306 in
541 1276 638 1315 Verg
662 1276 742 1307 Aen.
765 1276 822 1313 XI,
849 1279 921 1307 179:
951 1276 1034 1314 =quid
1056 1273 1236 1315 meritus?=]
1282 1277 1352 1307 huic
1375 1274 1461 1307 dicto
1479 1284 1669 1315 responsum
1684 1279 1737 1308 est
1747 1285 1910 1316 ›ei-noeriis.

177 1317 313 1348 Miratur
336 1317 403 1349 013.
426 1318 483 1349 1103
507 1320 611 1349 testes
635 1320 710 1349 ante
734 1327 806 1349 sese
835 1318 990 1349 neminem
1020 1326 1163 1353 curasse3
1194 1321 1228 1349 at
1256 1319 1331 1357 ipse,
1361 1318 1416 1349 ubi
1444 1318 1587 1367 copulam
1615 1318 1771 1350 exhibent
1797 1314 1912 1351 confi-s

178 1369 266 1391 suam
288 1360 454 1398 rationem,
484 1370 547 1391 non
569 1361 672 1400 magis
696 1360 835 1392 curavit!
865 1359 968 1392 Recte
989 1363 1093 1392 autem
1115 1370 1165 1393 vv
1188 1361 1237 1392 dd.
1261 1362 1416 1398 fecerunt,
1446 1360 1496 1399 qui
1523 1360 1587 1392 illis
1610 1360 1803 1394 testimoniis
1824 1361 1911 1393 haud

176 1411 323 1442 magnam
344 1403 514 1434 habuerint
535 1402 634 1434 fidem.
673 1403 813 1441 Namque
836 1403 965 1442 primum
987 1403 1149 1434 dicendum
1173 1406 1230 1441 est,
1255 1412 1332 1441 quae
1356 1403 1398 1434 sit
1420 1403 1469 1434 rei
1492 1402 1646 1441 condicio,
1669 1412 1733 1435 non
1758 1412 1910 1436 mmren

176 1444 232 1475 illa
254 1454 346 1483 posse
369 1445 487 1476 habere
511 1446 733 1477 auctoritatem
756 1455 848 1484 quam
870 1446 969 1484 ipsam
991 1446 1139 1476 librorum
1154 1447 1350 1482 memoriam3
1373 1454 1447 1476 nam
1470 1448 1606 1484 apparet
1627 1446 1691 1477 iam
1711 1446 1783 1478 illos

177 1487 309 1518 maticos
332 1487 466 1527 singulis
489 1487 578 1527 locis,
601 1497 674 1519 num
689 1487 721 1519 in
744 1497 804 1519 =us=
828 1488 962 1527 syllaba,
986 1488 1108 1525 qualem
1129 1488 1161 1519 in
1184 1488 1357 1527 exemplari
1383 1496 1439 1519 suo
1463 1488 1623 1527 legerunt,
1647 1488 1762 1528 copula.
1776 1487 1909 1527 lateret,

177 1529 350 1562 diiudicare
373 1539 433 1561 non
456 1530 604 1569 potuisse.
629 1531 738 1569 Neque
766 1531 880 1562 desunt
903 1531 975 1568 alia,
998 1540 1077 1569 quae
1101 1533 1213 1562 contra
1235 1531 1290 1562 illa
1311 1529 1496 1562 testimonia
1518 1530 1662 1563 valeant.
1706 1531 1790 1563 Eum
1812 1531 1908 1570 enin,

176 1581 265 1612 quem
289 1572 355 1604 Ols.
380 1582 420 1605 ex
442 1573 608 1605 Prisciano
631 1573 784 1612 laudavit,
806 1573 907 1605 locum
930 1573 1010 1605 adeo
1027 1582 1088 1605 non
1104 1573 1227 1613 ellipsin
1242 1573 1333 1606 verbi
1348 1573 1449 1605 subst.
1466 1573 1698 1612 demonstrare,
1721 1575 1758 1606 ut
1771 1574 1910 1615 apertis-

177 1616 254 1646 sime
277 1616 377 1655 ipsum
410 1617 608 1647 Priscianum
641 1617 694 1647 illo
718 1617 859 1647 Andriae
885 1617 954 1647 loco
975 1617 1115 1654 copulam
1143 1617 1261 1655 legisse
1289 1616 1340 1647 vel
1368 1624 1471 1646 =—us=
1494 1616 1752 1648 terminationem
1783 1625 1833 1648 us
1861 1625 1909 1649 es·

176 1658 376 1690 intellexisse
411 1658 535 1698 doceat,
570 1658 744 1691 firmissime
778 1658 851 1690 mihi
881 1659 1034 1698 persuasi.
1080 1658 1170 1698 Quod
1200 1659 1411 1697 unusquisque
1435 1658 1600 1694 concedet,
1627 1659 1682 1690 ubi
1706 1669 1829 1692 mecum
1854 1670 1909 1692 ac-

177 1702 319 1733 curatius
342 1701 500 1734 Prisciani
522 1703 622 1735 verba
645 1702 852 1742 perspexerit.
897 1701 983 1733 Dicit
1006 1700 1088 1733 enim
1109 1701 1183 1733 inst
1200 1701 1313 1733 XVIII
1330 1703 1390 1733 201
1414 1710 1443 1741 p
1469 1703 1604 1751 304,19
1627 1701 1910 1753 11³„th

176 1754 232 1792 pro
255 1745 364 1776 verbis
385 1749 506 1784 ponunt
527 1746 635 1783 Attici,
661 1746 741 1783 dquo
755 1746 947 1794 frequenter
969 1744 1091 1775 faciunt
1114 1745 1223 1775 Latini
1246 1760 1286 1764 —
1311 1744 1545 1775 Phroenichus:
1574 1735 1626 1773 Ω
1640 1742 1765 1783 φίλτατ’
1726 1741 1912 1828 pmdvdqn’n,
1940 1782 1944 1784 ¹

175 1782 218 1825 μὴ
240 1783 426 1824 μ’ἄτιμιίσας
448 1789 518 1827 γένῃ
540 1797 595 1827 pro
617 1784 661 1825 μή
681 1795 721 1824 με
743 1783 899 1826 ἀτιμάσῃς.
954 1786 1126 1817 Terentius
1156 1787 1188 1817 in
1216 1787 1356 1818 Andria·
1391 1786 1495 1826 :Quid
1522 1786 1699 1819 meritusih

175 1830 358 1862 meruistiP=
392 1831 461 1862 Hoc
483 1830 615 1862 Romani
637 1830 759 1861 faciunt
779 1830 811 1861 in
841 1829 975 1860 omnium
998 1829 1195 1868 passivorum
1222 1834 1255 1860 et
1284 1829 1509 1868 deponentium
1532 1833 1567 1861 et
1588 1838 1794 1869 communium
1816 1839 1912 1873 pree-

177 1872 292 1910 teritis,
316 1882 374 1911 per
397 1882 478 1911 quae
502 1872 678 1911 participiis
701 1874 832 1903 utuntur
861 1881 916 1911 pro
945 1872 1044 1903 verbo
1076 1870 1318 1911 adiungentes
1345 1870 1497 1904 verbum
1528 1870 1913 1914 subet-311'eqm201·

176 1916 297 1948 tamen
313 1914 351 1947 et
366 1922 432 1955 per
447 1913 592 1955 ellipsin
615 1913 692 1947 eius
715 1922 781 1954 per
803 1922 843 1947 se
866 1912 1058 1954 participia
1081 1912 1159 1946 loco
1182 1913 1376 1946 verborum
1397 1912 1613 1954 funguntur,
1636 1917 1682 1947 ut
1703 1916 1804 1956 Ver-g.
1827 1915 1861 1948 in
1883 1915 1910 1948 1.

175 1958 355 1989 Aeneidos:

591 2006 682 2037 Certe
703 2005 781 2036 hinc
801 2006 966 2035 Romanas
988 2005 1065 2035 olim
1088 2005 1288 2036 volventibus
1310 2006 1411 2036 annis·

584 2049 674 2078 IIinc
684 2049 766 2089 fore
789 2048 941 2082 ductores,
966 2050 1108 2078 revocato
1130 2059 1151 2078 a
1172 2049 1336 2089 sanguine
1363 2050 1488 2089 Teucri,

581 2091 773 2165 [gorzi-zare,
797 2091 859 2132 qui
876 2093 982 2123 terras
1003 2091 1097 2123 omni
1114 2091 1239 2124 dicione
1260 2094 1416 2128 tenerent,

652 2144 693 2165 m
709 2143 757 2170 us,

174 2197 277 2229 Deest
299 2205 369 2229 ==es.
394 2196 458 2228 Cic.
478 2204 533 2235 pro
549 2195 630 2235 Lig.:
652 2196 804 2234 =queritur
822 2204 856 2227 se
868 2195 1088 2245 prohibitum&
1110 2196 1204 2228 deest
1219 2205 1327 2228 ==.esse
1331 2194 1520 2237 “Apparet
1535 2207 1577 2230 ex
1590 2197 1698 2231 verbis
1718 2197 1760 2231 ·fr
1761 2201 1915 2239 equemer

172 2243 282 2271 tamen
304 2243 338 2271 et
359 2248 418 2279 per
433 2238 559 2279 ellipsin
581 2254 622 2258 —
654 2239 838 2287 funguntur·¹
866 2238 899 2269 in
922 2239 981 2277 eis,
1005 2247 1086 2277 quae
1110 2240 1317 2278 antecedunt,
1334 2240 1486 2289 exemplis
1510 2240 1640 2281 ellipsin
1654 2241 1748 2275 verbi
1761 2250 1826 2275 nou
1841 2250 1914 2275 esse

175 2282 354 2319 admissam,
384 2282 467 2320 quod
488 2282 658 2321 perspicue
687 2282 905 2321 cognoscimus
931 2281 965 2312 in
994 2290 1112 2320 graeco
1141 2282 1283 2321 exemplo
1323 2279 1475 2320 ἀτιμάσας
1508 2284 1599 2324 γένῃ
1621 2284 1655 2316 in
1677 2284 1779 2317 latino
1804 2285 1915 2317 utem

174 2325 213 2355 ob
247 2338 255 2347 ι
271 2340 312 2345 -
328 2333 382 2355 us
409 2324 561 2363 syllabam
585 2324 647 2354 iam
670 2333 731 2354 non
755 2323 905 2362 cognosci
927 2326 1043 2362 potest,
1067 2325 1133 2361 sed,
1157 2324 1408 2364 intellegendum
1431 2334 1504 2356 esse
1533 2326 1629 2365 ‘Quid
1643 2326 1777 2359 meritus
1791 2327 1864 2359 οιῗ-
1888 2336 1914 2359 s-

173 2366 271 2406 zQuid
294 2364 471 2398 meritu's?=
495 2365 589 2398 etiam
614 2376 654 2398 ex
676 2366 785 2399 verbis
808 2365 1033 2406 :adiungentes
1057 2366 1151 2398 etiam
1175 2377 1204 2399 v.
1229 2368 1344 2399 substa
1373 2368 1489 2401 elucet.
1535 2366 1682 2402 Ceterum
1707 2369 1742 2402 in
1767 2370 1838 2410 ipso
1859 2370 1914 2403 ino

175 2410 323 2449 exemplo,
347 2410 398 2441 ubi
431 2418 547 2441 revera
577 2410 691 2448 copula
723 2409 839 2440 omissa
866 2412 926 2447 est,
954 2409 1171 2448 Vergilianum
1208 2410 1278 2441 dico
1307 2411 1494 2450 exemplum,
1524 2420 1679 2452 expresse
1719 2411 1915 2454 ademptum
