2114 2736
0 696 5 712 Γ
0 667 11 687 ἰ·
0 594 25 655 (1⁸35
0 572 8 580 υ

199 280 364 322 scriptura
386 281 576 321 exprimere.
600 297 642 302 —

437 194 440 196 ,
480 141 592 192 σθω
613 153 670 190 hic,
686 135 819 194 praem}
842 154 923 187 cnr
946 153 1025 194 ipsis
1045 153 1136 186 uaris
1154 130 1268 193 copula
1289 135 1411 185 emita
1430 138 1494 184 σἰι
1514 151 1544 183 Α
1564 129 1608 183 ns
1644 180 1652 194 ,,

334 236 337 238 Α
361 233 366 237 ,
399 194 500 228 “Cum
522 195 591 228 01⁸.
615 196 796 236 suspicatur
817 205 887 228 eum
907 196 972 233 illis
994 196 1084 228 co'dd.
1107 195 1252 235 copulam
1274 194 1457 227 omissurum
1479 196 1563 231 esse,
1589 208 1631 216 --
1669 233 1675 237 -
1742 232 1745 234 q
1776 230 1787 238 W

347 236 402 271 “us
415 237 579 274 librarium
602 239 640 274 A.
663 239 691 271 si
712 248 773 271 sus:
797 242 831 271 et
852 248 910 271 :es=
932 238 1078 279 syllabae
1100 237 1195 269 metri
1210 246 1308 269 causa
1330 236 1363 269 in
1379 244 1473 268 unum
1490 237 1607 268 coeant
1626 231 1819 275 oporteuffi

423 324 550 356 Phorm.
576 326 636 356 550
658 326 687 355 A
708 325 858 363 praebet:
888 322 995 361 Quam
1017 320 1052 351 ob
1075 320 1165 351 rem?
1186 322 1248 350 aut
1266 320 1423 360 quidnam
1435 319 1608 360 facturus,
1633 318 1728 350 cedo?
1766 309 1767 312 ¹

113 377 116 379 ·
199 365 234 398 ll.
259 366 338 399 Gan.
362 375 486 398 omnes:
511 364 668 405 quidnam
689 374 722 395 es
733 365 780 405 f.‚
809 375 869 397 =es=
892 368 1006 405 aperta
1030 367 1081 396 est
1109 364 1314 403 interpolatio
1338 363 1417 401 eius,
1441 363 1495 400 qui
1518 363 1673 403 copulam,
1703 370 1796 401 quam
1819 363 1946 396 deside-

200 409 308 446 rabat,
331 409 361 440 in
385 409 497 440 ultima
527 408 692 440 =facturus=
714 409 801 440 vocis
824 408 927 439 latere
951 406 1140 445 nesciverit;
1173 409 1264 437 recte
1288 416 1339 437 vv.
1365 406 1467 437 docti:
1489 404 1694 444 facturu's?,
1718 408 1755 438 ut
1777 406 1858 438 Eun.
1881 408 1945 437 890

204 449 314 489 Quam
337 452 376 480 tu
399 459 466 480 rem
489 451 603 480 actura
629 448 748 479 obsecro
770 448 833 483 es?‚
864 449 918 481 ubi
940 449 990 481 vel
1013 457 1205 488 praegresso
1227 451 1284 480 =tu·
1310 447 1494 488 pronomine
1517 448 1630 488 copula
1656 448 1807 488 adposita
1829 450 1881 481 est
1896 446 1944 487 ¹);

200 493 242 526 cf,
268 494 365 526 etiam
388 494 471 526 Eun.
495 496 557 525 462
580 492 710 526 Ituran,
740 491 772 521 T
767 491 848 525 Ιιαιίς,
872 490 1021 530 quopiam
1044 489 1099 519 cs?

354 537 460 568 Aliter
482 545 536 567 res
559 545 593 567 se
617 536 716 567 habet
739 535 880 567 eiusdem
902 534 1032 566 fabulae
1056 542 1152 565 versu
1177 535 1247 571 798,
1270 541 1362 571 quem
1385 534 1414 564 A
1437 534 1536 565 habet
1560 533 1624 565 sic:

339 578 408 608 Iam
431 578 513 607 recte
528 590 545 609 ::
566 575 658 615 Quid
677 576 738 605 tu?
758 575 872 615 ecquid
892 574 1021 605 locutus
1042 583 1114 604 cum
1136 573 1225 607 istac.
1250 584 1348 613 quam
1370 574 1406 604 ob
1429 583 1496 604 rem
1518 574 1603 604 hanc
1623 573 1798 604 ducimus?

200 621 250 654 Ll.
276 619 408 659 Call.:2)
435 618 563 649 locutus
584 628 654 648 cum
677 617 741 648 ista
763 628 802 648 es.
825 619 887 651 Hic
918 628 979 650 non
1004 622 1039 650 ut
1060 619 1092 649 iu
1125 619 1336 651 antecedenti
1367 619 1437 651 loco
1461 628 1521 650 :es=
1545 619 1576 650 ll.
1601 617 1678 651 Call.
1712 619 1944 659 interpolatum

200 667 259 701 est,
284 665 366 702 quod
380 664 539 695 Dziatzko
562 662 718 701 suspicari
741 663 877 699 videtur,
901 662 1013 700 quippe
1037 670 1107 692 cum
1130 662 1258 700 :exquid
1280 660 1415 693 locutu's
1439 671 1508 693 cum
1531 662 1627 693 istac:
1650 662 1791 699 scribat;
1814 662 1941 694 ISTAC

202 706 284 738 enim
307 706 385 739 illud
408 705 551 738 Bembini
574 704 743 744 vestigium
766 704 927 745 genuinae
952 703 1128 743 scripturae
1152 703 1229 736 =ista
1253 714 1298 737 es=
1322 704 1373 737 vel
1396 704 1511 737 :ista’s=
1535 713 1686 737 servasse
1709 708 1858 744 apparet.

351 750 431 780 Eun.
455 750 516 778 854
539 748 679 779 BCDEP
702 746 748 786 (G
770 746 883 785 vacat)
906 755 1033 778 versum
1056 755 1209 784 mancum,
1234 747 1285 778 cui
1308 756 1373 779 una
1395 747 1521 787 syllaba
1544 748 1648 786 deest,
1672 747 1850 787 praebent:

575 788 668 818 Num
690 798 788 818 meam
811 787 982 818 saevitiam
1004 787 1152 818 veritus?
1168 802 1185 821 2:
1204 789 1282 818 Non
1300 800 1316 820 z:
1340 788 1433 828 Quid
1451 788 1580 828 igitur?

473 832 512 857 Es

198 869 308 899 Bemb.
332 868 517 899 VERI'PUS
546 876 605 898 :es=
636 867 707 898 add.
739 866 789 900 A¹.
818 870 853 897 ut
882 866 1020 898 videtur.
1068 867 1176 906 Quare
1206 867 1310 906 Umpf.
1338 867 1420 898 hunc
1450 867 1610 897 senarium
1641 866 1822 898 constituit:
1852 866 1944 895 Num

198 909 295 940 metim
325 907 493 939 saevitiam
516 907 639 938 ve'rz'lus
667 906 720 938 cs?
741 921 758 941 ::
780 907 858 938 Non
878 921 895 941 2:
924 907 1015 947 Quid
1041 907 1189 947 igitur&-
1216 909 1255 941 de
1285 909 1413 941 Bentlei
1444 909 1627 941 coniectura
1651 909 1691 941 cf.
1714 918 1788 950 pag.
1809 910 1889 942 VIII
1911 913 1945 942 et

199 953 304 985 adnot.
313 951 340 992 2)
362 968 404 974 —

349 996 449 1027 Haec*
463 995 587 1034 quidem
609 995 775 1027 hactenus.
823 995 944 1026 Iterum
967 994 1068 1035 igitur
1092 995 1268 1027 cavendum
1292 1004 1364 1027 esse
1387 995 1509 1027 moneri
1532 996 1636 1033 debet,
1667 1004 1707 1027 ne
1731 1004 1788 1027 nos
1811 997 1941 1028 nostrae

196 1039 325 1078 linguae
349 1047 406 1069 usu
429 1047 468 1068 ac
490 1038 719 1069 consuetudine
742 1038 864 1068 inducti
886 1037 919 1067 iu
937 1039 1146 1069 Romanorum
1170 1047 1292 1076 quoque
1316 1038 1473 1069 cotidiano
1497 1047 1554 1069 usu
1571 1038 1718 1076 loquendi
1742 1038 1942 1070 omissionem

197 1080 287 1113 verbi
309 1081 410 1113 subst.
433 1080 495 1112 iam
519 1081 559 1112 ab
588 1079 678 1112 initio
702 1080 899 1112 necessitate
929 1080 1066 1120 quadam
1090 1081 1142 1113 vel
1166 1081 1301 1113 maxime
1326 1090 1398 1112 esse
1422 1081 1575 1113 usitatam
1604 1083 1791 1113 statuamus.
1839 1081 1942 1121 Quam

197 1124 292 1164 longe
315 1127 419 1155 autem
443 1124 659 1155 Terentianus
682 1133 785 1155 sermo
809 1132 829 1154 a
852 1127 961 1155 nostro
985 1124 1017 1155 in
1040 1124 1103 1155 hac
1125 1133 1160 1155 re
1184 1124 1295 1162 distet,
1319 1127 1451 1163 praeter
1474 1124 1584 1162 multa,
1613 1131 1695 1161 quae
1718 1124 1781 1155 iam
1804 1124 1940 1156 vidimus

198 1171 232 1197 et
256 1172 369 1205 postea
398 1166 583 1203 videbimus,
612 1166 728 1197 docent
759 1166 854 1197 etiam
887 1166 1033 1205 exempla
1063 1167 1153 1198 velut
1183 1167 1262 1197 Hec.
1287 1170 1348 1197 355
1378 1168 1441 1194 aut
1471 1164 1553 1205 quid
1572 1175 1605 1195 es
1629 1168 1696 1194 tam
1718 1165 1856 1200 ίνιζιίιζτέ,
1889 1167 1943 1198 ubi

198 1212 376 1242 nostrates:
402 1218 540 1248 „warum
563 1218 597 1241 so
621 1207 805 1248 traurig?“;
830 1209 877 1240 sic
901 1209 997 1240 etiam
1020 1210 1079 1241 Ad.
1103 1212 1144 1240 82
1171 1207 1264 1246 Quid
1287 1208 1393 1238 tristis
1415 1208 1468 1238 es?
1491 1213 1525 1241 et
1548 1209 1622 1241 ibid.
1648 1212 1708 1241 768
1739 1207 1831 1247 Quid
1851 1210 1888 1238 tu
1911 1218 1945 1238 es

199 1250 334 1285 tristis-9,
363 1252 425 1288 ubi,
449 1261 516 1283 cum
539 1254 597 1282 =tu=
625 1252 765 1283 additum
788 1252 841 1291 sit,
873 1251 1038 1284 sententia
1071 1252 1166 1284 etiam
1191 1252 1259 1283 sine
1283 1253 1381 1284 verbo
1413 1253 1512 1284 subst.
1537 1252 1705 1292 perspicua
1728 1252 1830 1290 foret;
1863 1252 1941 1284 item

199 1295 280 1325 Eun.
304 1297 365 1325 304
391 1293 480 1331 Quid
501 1295 537 1321 tu
560 1303 592 1322 es
614 1292 725 1327 tristis,
749 1292 867 1331 quidve
889 1303 922 1322 es
944 1293 1066 1322 alacris
1074 1293 1097 1327 ξ’,
1122 1295 1175 1325 ubi
1191 1296 1320 1326 accedit
1336 1295 1469 1333 copulae
1492 1295 1525 1325 in
1548 1296 1655 1326 altera
1674 1295 1943 1334 interrogationis

200 1339 294 1376 parte
316 1336 454 1369 iteratio.

355 1418 421 1450 Iam
447 1421 572 1450 restant
599 1419 783 1452 absolvendi
811 1419 905 1458 pauci
932 1419 1003 1456 loci,
1033 1420 1072 1451 de
1101 1420 1212 1456 quibus
1241 1420 1273 1450 in
1302 1420 1357 1456 eis,
1387 1429 1468 1458 quae
1492 1420 1596 1451 adhuc
1620 1419 1819 1458 protulimus,
1847 1428 1942 1458 gene-

202 1460 323 1492 ralibus
347 1460 520 1492 omissionis
542 1462 711 1501 generibus
733 1471 794 1494 non
818 1465 895 1501 apta
918 1462 978 1494 fuit
1002 1462 1126 1494 occasio
1149 1462 1347 1502 disputandi:

363 1504 461 1534 Andr.
486 1507 545 1534 202
590 1503 642 1532 lta
664 1506 773 1542 aperte
795 1504 897 1543 ipsam
922 1513 985 1532 rem
1009 1503 1099 1532 modo
1122 1503 1257 1538 locutus,
1282 1503 1372 1533 nilnl
1392 1504 1616 1533 circumitione
1637 1512 1719 1533 usus
1741 1512 1780 1533 σε.

204 1546 257 1579 Sic
291 1549 423 1586 praeter
456 1546 506 1586 Sp.
541 1556 648 1579 omnes
682 1548 823 1580 editores
856 1548 1010 1579 traditam
1045 1548 1232 1587 scripturam
1267 1551 1439 1580 servarunt
1472 1548 1615 1580 nimirum
1649 1548 1691 1579 ad
1722 1547 1870 1579 =locutus=
1902 1556 1942 1579 ex

204 1589 413 1628 sequentibus
444 1590 551 1621 verbis
584 1590 724 1630 copulam
757 1591 953 1630 supplentes.
999 1591 1053 1630 Sp.
1086 1600 1173 1628 vero,
1208 1591 1261 1629 qui
1295 1592 1377 1622 bene
1411 1591 1598 1622 observavit
1632 1590 1775 1629 copulam
1807 1590 1849 1621 ad
1880 1590 1940 1621 duo

202 1631 375 1670 participia
397 1632 606 1670 pertinentem
631 1641 670 1663 ex
692 1633 877 1664 comicorum
900 1642 960 1664 usu
983 1633 1045 1664 iam
1068 1633 1110 1664 ad
1133 1633 1220 1672 prius
1236 1633 1367 1673 adiungi
1390 1633 1506 1671 solere,
1526 1633 1685 1664 :locutu's=
1709 1632 1849 1672 scripsit.
1872 1632 1941 1664 Iam

204 1673 368 1704 audiamus
392 1673 540 1704 Olsenum
564 1675 602 1705 de
626 1674 794 1715 Spengelio
818 1676 864 1706 ita
886 1676 1093 1707 iudicantem:
1107 1674 1135 1712 ³)
1164 1676 1235 1712 „qui
1258 1685 1320 1707 non
1343 1676 1461 1707 iniuria
1483 1676 1608 1712 quidem
1635 1675 1712 1706 dicit
1736 1674 1940 1714 simplicitate

204 1715 358 1747 sermonis
390 1716 574 1747 comicorum
604 1726 665 1748 non
699 1718 837 1755 concedi,
862 1720 896 1750 ut
920 1728 980 1750 =es=
1004 1727 1044 1749 ex
1067 1718 1276 1755 sequentibus
1308 1727 1395 1749 :usus
1423 1727 1470 1749 es=
1502 1718 1697 1757 suppleatur,
1729 1724 1830 1754 neque
1862 1726 1940 1749 vero

204 1758 302 1789 debet
333 1759 372 1789 ob
403 1767 472 1789 eam
501 1768 627 1790 causam
655 1760 796 1791 scribere
824 1759 981 1792 =locutu⁷s=
1009 1770 1081 1792 nam
1104 1761 1252 1792 :locutus=
1279 1761 1330 1792 hic
1354 1762 1405 1792 est
1432 1760 1514 1792 idem
1546 1760 1628 1798 quod
1650 1760 1786 1793 =locutus
1809 1759 1873 1791 es=“
1899 1776 1940 1780 —

203 1800 317 1832 inanes
348 1809 425 1831 sane
459 1801 614 1840 argutiae,
646 1810 726 1838 quae
756 1804 835 1834 satis
867 1804 1098 1841 demonstrant,
1131 1804 1171 1834 ad
1195 1811 1287 1840 quam
1314 1804 1438 1834 infirma
1468 1803 1594 1843 refugia
1617 1803 1795 1842 repellatur
1827 1803 1865 1840 is,
1888 1802 1941 1839 qui

204 1842 397 1883 aphaeresin
429 1852 487 1874 =es=
511 1844 598 1875 verbi
627 1853 775 1883 respuere
806 1846 899 1882 velit3
931 1856 1002 1878 nam
1033 1849 1089 1878 aut
1121 1855 1189 1886 cop.
1214 1856 1253 1878 ex
1288 1850 1446 1878 :usus'es2
1470 1846 1645 1886 supplenda
1676 1848 1735 1881 est,
1759 1848 1823 1883 aut,
1859 1844 1886 1877 si
1908 1845 1940 1877 id

203 1885 305 1918 minus
327 1886 490 1925 procedat,
512 1886 573 1918 iam
596 1887 628 1918 in
650 1888 753 1926 priore
775 1890 912 1921 membro
935 1893 1073 1926 ponatur
1096 1892 1230 1928 oportet.

358 1928 550 1960 Difficillime
575 1933 625 1960 est
647 1931 741 1968 dictu,
765 1932 910 1969 quidnam

408 1972 491 2004 Eun.
518 1973 597 2003 1062
621 1980 667 2009 sq.
945 1973 1036 2013 Quor
1057 1983 1130 2014 ergo
1153 1974 1189 2004 in
1212 1974 1265 2004 luis·
1287 1977 1318 2005 tc
1340 1974 1503 2014 conspicor
1524 1973 1730 2014 regionibus?

667 2026 683 2046 ::
704 2014 792 2044 Vobis
814 2016 920 2047 fretus
943 2028 958 2046 :z
983 2016 1060 2046 Scin
1083 2026 1179 2056 quam
1193 2018 1336 2057 fretus?

204 2056 245 2087 ad
268 2056 380 2087 :Vobis
403 2056 521 2087 fretus:
545 2058 748 2095 supplendum
772 2059 823 2089 sit.
870 2060 977 2097 :Sum=,
1000 2061 1082 2098 quod
1106 2062 1224 2092 Olseno
1248 2061 1364 2099 placet,
1389 2060 1627 2099 responsionem
1648 2069 1798 2099 perquam
1820 2061 1942 2100 langui-

204 2099 275 2130 dam
301 2099 453 2130 redderet
476 2107 579 2138 neque
603 2100 682 2175 bffle
707 2109 774 2131 cum
797 2102 1061 2134 antecedentibus
1085 2103 1200 2142 coiret;
1224 2103 1285 2135 iam
1309 2103 1420 2135 melius
1444 2103 1550 2142 placet
1572 2103 1678 2134 altera
1695 2103 1806 2135 Olseni
1828 2113 1941 2142 propo-

204 2142 292 2177 sitio,
323 2145 358 2172 ut
381 2142 571 2180 :conspicior
594 2151 613 2173 a
672 2155 682 2166 =
712 2146 816 2174 mente
847 2145 1058 2180 adsu1namus3
1089 2147 1146 2177 sed
1175 2147 1260 2177 haud
1290 2147 1356 2177 scio
1387 2155 1427 2177 an
1458 2149 1547 2177 recte
1572 2146 1675 2185 Umpf.
1701 2146 1941 2186 responsionem

205 2184 313 2216 verbis
337 2183 504 2215 Chaereae
535 2185 606 2215 bum
635 2184 810 2229 impetuosa
839 2188 971 2224 quadam
1002 2190 1181 2220 acerbitate
1211 2189 1242 2220 in
1272 2189 1400 2221 militem
1428 2189 1611 2220 invehentis
1634 2189 1847 2228 interceptam
1871 2197 1942 2220 esse

203 2226 356 2258 statuerit
378 2226 547 2258 scribendo
572 2238 594 2258 ::
616 2225 705 2255 Vobzs
716 2225 835 2265 fretus
848 2250 854 2256 .
869 2250 874 2256 .
889 2250 915 2256 ..
940 2242 961 2260 :z
979 2228 1057 2261 Scin
1080 2239 1177 2269 quam
1190 2230 1333 2270 fretus?

360 2296 383 2326 ι)
401 2295 531 2321 Oonferaa
549 2303 648 2335 quaeso
667 2304 729 2329 pag.
748 2297 859 2323 XXXIV
879 2301 907 2323 et
925 2298 987 2324 ibid.
1007 2300 1094 2327 adnot.
1115 2300 1150 2332 1).

359 2329 383 2396 33
399 2330 621 2397 {35:3120332·
632 2330 700 2396 ξιξ·
715 2338 771 2390 Γὲ.“
790 2333 888 2358 mm·

2088 2652 2114 2736 aiiij„
2100 2588 2114 2604 ,2
2107 2558 2112 2572 .,
