2114 2736
0 1055 7 1072 η
0 857 30 1002 ·‘·''-*”s?'s·⁴}'·*¹³³.¹¹¹fffss⁴
0 830 17 850 22³
0 771 26 825 '“⁵'{⁴.“
0 721 25 768 *ἦῆ-’τ

922 636 1211 704 Ᾱρμοηᾱίχ.

347 782 466 814 Liceat
494 783 570 814 mihi
598 782 632 813 in
656 792 786 821 „mensa
809 780 968 814 secunda“
1000 792 1103 822 pauca
1124 790 1311 822 proponere,
1342 789 1424 819 quae
1445 781 1522 812 mihi
1544 781 1577 812 in
1600 780 1831 813 conscribenda
1853 789 1933 814 com-

190 823 389 856 mentatione
413 827 634 863 occurrerunt,
657 826 801 864 quamvis
823 835 886 857 non
909 825 1096 864 pertineant
1117 825 1158 856 ad
1182 833 1250 856 eam
1273 833 1350 862 rem,
1375 832 1467 862 quam
1488 823 1579 855 modo
1601 823 1750 856 tractavi.

1051 895 1077 924 1.

346 952 466 984 Heaut.
490 953 552 983 988
576 961 622 991 sq.
646 953 697 984 Fl.
722 956 756 985 et
778 953 895 992 Wagn.
920 953 990 984 sine
1014 952 1107 984 dubio
1131 952 1212 983 falso
1236 952 1282 983 sic
1305 951 1521 991 distinguunt·
1557 991 1625 1034 fil

1456 1002 1547 1023 nunc
1608 1002 1641 1023 za

485 1036 691 1076 Postquamst
710 1036 844 1066 inventa
866 1046 951 1070 vera,
977 1036 1143 1065 inventast
1163 1045 1269 1069 causa,
1292 1044 1358 1074 qua
1380 1037 1412 1065 te
1433 1034 1639 1076 expellerent.

192 1080 293 1121 Quam
316 1089 378 1112 non
394 1082 473 1120 apta
495 1080 679 1112 sententiae
703 1080 746 1112 sit
768 1081 847 1112 haec
870 1079 1041 1117 distinctio,
1065 1083 1196 1118 praeter
1217 1080 1283 1111 alia
1305 1080 1504 1111 demonstrat
1518 1080 1673 1119 Wagner-i
1690 1083 1742 1112 sat
1756 1080 1930 1112 artificiosa

190 1123 432 1162 interpretatio:
466 1123 583 1160 „=Filia
605 1132 697 1155 vera=
727 1123 768 1154 im
790 1123 975 1162 Gegensatz
1007 1131 1045 1153 zu
1068 1122 1217 1161 Clitipho,
1251 1122 1307 1153 der
1336 1122 1443 1154 dieser
1464 1122 1676 1163 Darstellung
1706 1127 1833 1163 gemass
1860 1123 1929 1155 blos

191 1165 379 1205 vorgeblieh
401 1165 451 1197 ihr
467 1165 552 1197 Sohn
575 1163 673 1197 war.“
719 1166 815 1197 Immo
839 1174 941 1197 wera:
964 1166 1049 1196 nullo
1071 1165 1158 1196 modo
1182 1174 1251 1195 cum
1274 1165 1341 1196 filia
1357 1165 1508 1204 coniungi
1530 1167 1648 1205 potest,
1671 1174 1744 1197 nam
1766 1175 1825 1204 quo
1841 1166 1930 1197 modo

190 1216 302 1239 veram
324 1207 396 1247 quis
418 1210 527 1246 potest
549 1207 695 1239 invenire
717 1208 821 1245 filiam,
845 1207 897 1245 qui
918 1216 1073 1246 nunquam
1098 1207 1263 1238 sustulerit
1285 1206 1423 1239 falsam?
1467 1208 1566 1239 Patet
1588 1216 1690 1239 =vera=
1714 1217 1784 1240 cum
1806 1217 1928 1240 =causa=

191 1249 447 1290 coniungendum
474 1258 563 1288 esse;
601 1250 785 1282 Terentium
815 1253 919 1281 autem
951 1259 1039 1282 =vera
1063 1259 1171 1281 cansa·
1201 1250 1310 1282 dicere
1340 1260 1397 1289 pro
1427 1250 1525 1281 :iusta
1555 1259 1676 1288 causa=,
1708 1251 1858 1282 docemur
1889 1260 1929 1282 ex

191 1293 242 1324 his
264 1292 360 1323 locis:

346 1335 430 1365 And.
456 1337 516 1365 158
539 1343 619 1366 vera
641 1335 829 1374 obiurgandi
852 1343 949 1365 causa
975 1335 1025 1373 sit,
1050 1335 1076 1365 si
1099 1335 1255 1374 deneget:

345 1377 464 1408 Heaut.
490 1379 551 1407 336
574 1385 655 1408 vera
678 1379 813 1407 causast.
975 1394 980 1398 ·

343 1488 428 1520 Eun.
451 1490 515 1520 479
538 1488 645 1519 Bentl.
669 1490 703 1519 et
725 1488 774 1519 Fl.
799 1497 838 1520 ex
861 1488 950 1520 libris
974 1488 1054 1520 Call.
1078 1488 1240 1520 scribunt:

619 1529 690 1568 Ego
711 1528 807 1558 illum
829 1529 1025 1567 eunuchum,
1048 1539 1076 1559 sz
1099 1532 1179 1569 opus
1202 1528 1272 1567 siet,
1295 1529 1348 1559 vel
1367 1529 1502 1564 sobrius.

187 1574 275 1606 =eiet=
297 1573 424 1614 plenior
445 1572 548 1605 forma
570 1572 603 1604 in
625 1573 687 1604 hac
709 1582 820 1605 versus
843 1574 919 1605 sede
942 1573 1021 1605 ferri
1044 1574 1162 1612 nequit.
1166 1571 1193 1612 ¹)
1231 1574 1340 1608 Bemb.
1364 1574 1464 1606 habet
1479 1574 1747 1623 SITOPUSSIT,
1768 1584 1786 1604 T
1806 1574 1929 1605 induxit

160 1642 162 1644 .
188 1626 271 1649 corr.
292 1625 359 1648 rec.
382 1631 425 1637 —
447 1615 564 1647 Nescio
593 1624 636 1647 an
659 1615 710 1647 hic
736 1615 904 1661 vestigium
925 1616 1027 1649 lateat
1049 1616 1207 1656 genuinae
1231 1616 1411 1656 scripturae
1440 1605 1487 1648 =si
1524 1617 1567 1649 sit
1599 1626 1676 1656 opus
1704 1617 1757 1649 vel
1786 1616 1926 1648 sobrius:

186 1660 278 1692 velut
300 1659 444 1690 eiusdem
465 1658 531 1689 fab.
554 1667 585 1688 v.
610 1661 671 1688 223
694 1646 725 1685 sz‘
745 1656 790 1685 sit
809 1659 897 1695 opus,
925 1657 978 1686 vel
998 1659 1101 1686 totum
1125 1656 1291 1686 miluom?
1335 1659 1543 1699 Quantopere
1567 1661 1674 1690 autem
1697 1658 1876 1694 Terentius,
1901 1657 1929 1689 si

187 1701 322 1733 eandem
344 1700 469 1740 profert
491 1699 696 1735 sententiam,
720 1699 815 1731 etiam
839 1700 1050 1732 constantiam
1073 1701 1229 1739 quandam
1252 1703 1286 1732 et
1307 1700 1340 1732 in
1365 1701 1522 1740 eligendis
1545 1704 1579 1733 et
1602 1700 1797 1733 collocandis
1819 1700 1927 1733 verbis

187 1743 396 1784 appetiverit,
420 1744 559 1775 constat.

362 1828 443 1859 Hec.
469 1829 546 1874 398
553 1826 607 1865 leg
609 1826 689 1857 itur:

496 1856 616 1898 cham
638 1866 786 1897 abortum
805 1870 902 1897 Qesse'
901 1879 907 1885 ·
928 1867 991 1898 scio
1013 1868 1141 1899 nemim
1158 1868 1258 1900 dlz'ter
1277 1870 1455 1910 suspectum
1468 1870 1556 1911 fore.

183 1913 304 1945 Dubito
328 1922 370 1945 an
393 1913 447 1944 hic
476 1914 632 1944 accentus
660 1911 816 1943 trochaici
839 1912 930 1944 verbi
953 1921 1050 1944 ==esse
1073 1913 1104 1944 in
1127 1914 1187 1945 hac
1209 1914 1403 1953 potissimum
1430 1924 1544 1947 versus
1567 1915 1644 1947 sede
1668 1917 1782 1946 contra
1806 1913 1927 1945 Teren-

183 1956 307 1988 tianam
330 1957 433 1988 artem
455 1957 594 1995 pugnet3
618 1963 718 1993 quare
741 1954 781 1986 de
804 1955 986 1994 corruptela
1006 1956 1139 1994 quadem
1161 1956 1222 1988 loci
1245 1957 1463 1996 cogitaverim,
1497 1958 1548 1989 cui
1570 1966 1727 1997 quaenam
1737 1956 1873 2000 ,medela
1885 1955 1927 1988 sit

185 1998 353 2031 afferenda
373 1998 531 2030 incertum
555 1999 616 2029 est.
663 1996 838 2029 Schoellius
869 1997 939 2028 olim
969 1997 1043 2029 mihi
1070 1999 1232 2038 proposuit
1253 1999 1376 2032 =Dicam
1400 2001 1545 2032 ubertum
1569 2009 1641 2033 esse
1666 2013 1672 2032 ε
1697 2000 1786 2032 selbo
1810 1998 1928 2031 nemini

184 2051 214 2073 a.
238 2051 263 2073 s
286 2041 309 2073 f
310 2053 337 2079 s
361 2041 431 2080 ipse
455 2040 667 2085 aliquamdiu
674 2040 817 2079 cogitavi
840 2040 879 2070 de
902 2040 960 2070 tali
982 2049 1079 2072 versu
1103 2051 1109 2070 :

614 2066 735 2110 Dicam
757 2080 903 2110 abortum
926 2089 991 2110 esse
1012 2092 1023 2110 .·
1045 2083 1077 2110 e‘t
1097 2081 1160 2112 scio
1182 2082 1311 2113 nemim
1328 2093 1358 2117 a
1381 2093 1406 2114 s.
1425 2084 1456 2122 f.

182 2128 241 2161 =et=
264 2125 446 2157 coniunctio
475 2125 536 2156 hoc
565 2125 658 2156 modo
682 2124 833 2162 exhibita,
864 2127 900 2155 ut
930 2125 1195 2157 confirmationem
1225 2128 1383 2166 quandam
1412 2128 1545 2160 inducat
1574 2126 1833 2160 antecedentium
1856 2136 1928 2159 ver-

181 2168 303 2207 borum,
327 2168 411 2201 bene
433 2168 572 2207 quadrat
597 2167 638 2198 ad
661 2166 888 2198 Terentianum
912 2176 1016 2204 usum;
1040 2168 1080 2198 cf.
1105 2177 1152 2199 ex.
1176 2178 1223 2207 gr.

493 2210 575 2242 Eun.
600 2210 662 2241 973
686 2207 754 2239 Sed
773 2209 864 2238 estne
886 2206 944 2237 z‘lle
966 2209 1076 2238 noster
1097 2209 1282 2239 Parmeno?
1303 2213 1335 2240 et
1356 2213 1438 2241 certe
1460 2211 1551 2250 ξας-ιιι·
1573 2214 1628 2240 est.

340 2362 360 2392 ¹)
378 2362 417 2388 Cf.
436 2362 553 2389 Conradt
573 2361 629 2391 „De
647 2369 769 2387 versuum
789 2361 848 2386 Ter.
868 2362 935 2387 etc.“
956 2368 1016 2393 pag.
1035 2362 1068 2387 26
1086 2368 1142 2394 sqq.
1162 2365 1191 2387 et
1207 2362 1332 2395 Engelbr.
1351 2363 1367 2389 1.
1386 2364 1403 2390 l.
1421 2372 1483 2398 pag.
1502 2365 1533 2391 51
1553 2372 1593 2398 sq.
