2114 2736
202 171 334 214 ingenio
354 172 507 213 «ἰοῦσαι-ς
533 179 647 214 nempe
678 173 747 206 eius
765 175 830 211 est,
857 172 910 214 qui
936 172 970 205 in
990 172 1047 205 inf.
1077 180 1173 204 =esse·
1198 172 1334 211 propter
1355 169 1521 211 sequeutia
1541 167 1741 207 ahabendae

204 223 261 247 suo
281 214 353 255 iure
374 215 581 255 offenderit.¹)
631 216 750 257 Quodsi
776 224 845 248 cum
877 215 1026 248 Bentleio
1049 214 1278 247 Fleckeisenus
1314 215 1348 245 et
1369 212 1440 246 Dzi.
1473 210 1758 260 :Molendum-in
1821 250 1825 252 ‚
1853 245 1856 257 ᾖ

205 257 366 297 scribunt,
378 259 523 298 equidem
540 268 604 291 non
620 259 798 298 adstipuler
818 259 948 298 primum
970 258 1061 297 quod,
1086 260 1122 288 ut
1151 257 1214 288 iam
1247 256 1322 296 dixi,
1355 265 1415 288 non
1438 255 1534 286 credo
1564 262 1685 293 :usques
1706 255 1835 292 mterpo

206 307 288 339 esee,
322 301 438 334 deinde
464 301 546 341 quod
571 301 744 333 Terentius
766 301 920 340 copulam,
944 300 1111 340 siquando
1131 299 1164 331 in
1180 299 1417 331 enumeratione
1433 296 1588 337 apposuit,
1612 295 1781 334 unicuique
1797 294 1936 328 membro

206 342 328 377 addere
350 344 464 376 solitus
490 346 559 379 θεῖς
582 343 623 375 cf.
634 343 695 375 Ad.
717 346 780 374 474
802 342 995 382 Ignotumst,
1019 340 1193 374 tact'tumst,
1217 339 1406 370 credzzumst
1438 342 1472 371 et
1493 339 1567 370 ibid.
1591 341 1664 370 425.
1697 339 1777 376 95ος
1809 337 1936 369 Phorm.

209 388 285 425 1353
307 386 388 419 Hec.
405 390 466 419 202
490 388 553 418 etc.
580 385 786 418 Omissionem
809 387 913 417 autem
937 394 1033 417 :esse=
1056 385 1145 416 verbi
1168 385 1229 415 hac
1252 383 1436 415 condicione
1460 382 1512 414 vel
1534 381 1667 413 maxime
1690 380 1840 412 usitatam
1863 388 1937 412 esse

207 429 371 468 Terentio,
393 432 507 470 postea
522 428 690 460 occasione
707 428 785 460 data
807 428 983 460 luculenter
1005 427 1241 467 perspiciemus.

787 546 821 584 ΙΙ.
851 546 898 585 De
926 544 1011 584 modi
1038 544 1121 583 finiti
1149 543 1347 583 omissione.

360 636 410 668 Ad
431 643 524 672 quam
545 644 610 666 rem
634 634 891 673 pertractandam
914 643 986 664 mea
1008 632 1132 669 quidem
1155 632 1318 664 sententia
1341 631 1416 663 nulli
1440 634 1491 663 est
1513 632 1673 663 commodo
1696 632 1744 663 ita
1766 632 1937 664 instituere

207 678 473 713 observationem.
497 679 532 708 ut
555 677 698 716 singulas
720 685 873 715 personas
896 675 986 707 verbi
1010 676 1108 706 subst.
1133 674 1244 706 ordine
1267 684 1505 714 percurramus3
1529 681 1664 711 namque
1687 674 1829 713 primum,
1854 675 1938 706 hanc

207 721 236 753 si
263 720 504 760 ingrederemur
532 720 623 756 viam,
653 718 724 750 fieri
754 728 816 749 non
849 720 967 757 posset,
997 718 1082 754 quin,
1112 717 1165 748 ubi
1195 718 1400 748 collectorum
1429 717 1642 757 exemplorum
1673 716 1788 748 similia
1817 725 1938 757 genera

207 771 394 802 componere
417 764 451 794 et
472 763 619 794 naturam
642 770 746 793 eorum
768 761 987 797 rationemque
1017 760 1240 799 perquirentes
1271 760 1368 791 certis
1396 760 1577 799 praeceptis
1607 762 1703 798 atque
1725 759 1853 799 legibus
1876 769 1939 791 am-

206 805 303 845 plecti
325 805 534 842 studeremus,
563 804 690 841 saepius
719 810 869 842 perquam
898 803 1034 834 moleste
1064 802 1126 833 iam
1151 804 1248 834 antea
1270 803 1398 840 prolata
1421 805 1568 841 repetere
1592 810 1792 841 cogeremur;
1822 802 1938 833 deinde

206 848 287 879 haec
310 847 423 878 divisio
448 849 581 877 externo
605 846 727 877 cuidam
750 854 828 877 sane
851 846 952 877 ordini
976 845 1214 876 accommodata
1237 846 1278 876 ab
1301 845 1366 876 ulla
1388 845 1487 884 ipsius
1510 845 1559 877 rei
1581 844 1706 877 ratione
1730 844 1838 877 aliena
1852 844 1939 877 vide-

206 892 268 927 tur,
292 889 407 929 quippe
430 899 498 921 cum
521 889 669 926 quidnam
691 889 834 919 habeant
856 889 1019 925 peculiare
1043 888 1187 926 singulae
1217 897 1299 926 pers.
1331 888 1514 924 neutiquam
1544 890 1710 926 appareat.
1757 887 1937 919 Generales

206 932 305 971 igitur
327 940 456 963 normae
480 934 513 962 et
534 930 700 970 generalia
723 930 922 962 omissionum
945 939 1068 970 genera
1091 930 1276 967 quaerenda
1306 932 1389 962 sunt.
1413 930 1477 962 Sed
1499 930 1560 961 iam
1584 930 1624 961 ad
1639 929 1740 969 ipsam
1763 939 1829 961 rem
1851 932 1939 961 tran-

208 983 333 1006 seamus
356 976 452 1011 atque
475 974 606 1012 primum
627 973 800 1011 videamus,
824 973 937 1011 quibus
961 972 1198 1004 condicionibus
1222 973 1347 1004 omissio
1371 973 1560 1004 admittatur

809 1066 841 1104 a)
863 1065 900 1098 in
923 1065 1116 1098 sententiis
1126 1055 1128 1057 ’
1139 1064 1335 1106 primariis.

360 1135 488 1167 Brixius
510 1135 531 1167 l.
553 1135 584 1173 1.,
611 1134 664 1167 ubi
693 1135 733 1167 de
762 1134 878 1167 omissa
899 1135 998 1167 tertia
1026 1135 1107 1174 sing.
1138 1144 1223 1173 pers.
1247 1135 1334 1170 dicit,
1358 1135 1419 1165 hoc
1442 1135 1580 1173 profert:
1611 1135 1695 1173 „Hic
1719 1135 1854 1165 omnium
1876 1135 1939 1174 pri-

208 1187 290 1209 mum
313 1177 483 1210 tenendum
506 1179 565 1213 est,
597 1185 754 1214 nunquam
784 1179 859 1209 :est-
882 1177 982 1209 omitti
1012 1177 1044 1209 in
1067 1177 1210 1209 formulis
1233 1179 1368 1208 =certum
1393 1180 1466 1215 est=‚
1489 1177 1610 1209 :melius
1634 1180 1706 1215 θεῖε,
1730 1177 1845 1209 =satius
1868 1179 1940 1214 θεῖε,

210 1229 301 1258 :opus
324 1222 396 1257 θεῖε,
418 1229 504 1251 =usus
527 1223 597 1256 θεῖε,
621 1220 708 1256 :quid
729 1220 881 1258 negotist:
915 1221 1144 1259 =negotiumst=,
1174 1228 1246 1256 =par
1269 1223 1340 1255 est=‚
1371 1228 1515 1255 =aequ0m
1540 1223 1601 1250 est»
1631 1223 1665 1250 et
1687 1227 1770 1255 quae
1794 1223 1869 1249 sunt
1891 1220 1942 1249 his

211 1260 353 1293 similia-“
401 1261 535 1294 Olsenus
558 1264 670 1294 contra
692 1262 774 1294 hanc
796 1262 990 1295 sententiam
1013 1261 1180 1302 disputans
1204 1261 1421 1294 demonstrare
1451 1261 1561 1294 studet
1583 1261 1732 1294 Plautum
1755 1261 1786 1293 in
1810 1261 1858 1293 his
1881 1260 1942 1293 for-

212 1305 302 1336 mulis
316 1304 441 1335 minime
454 1305 638 1343 repudiasse
655 1306 850 1336 omissionem
863 1306 954 1336 verbi
970 1305 1174 1336 substantivi.
1198 1305 1347 1335 Plautum
1363 1313 1446 1335 nunc
1459 1314 1520 1336 non
1533 1313 1624 1343 curo3
1641 1313 1660 1335 a
1670 1304 1822 1336 Terentio
1835 1307 1942 1335 autem

211 1355 346 1386 prorsus
370 1346 610 1378 abiudicandum
633 1356 705 1379 esse
727 1348 825 1379 talem
848 1347 1045 1379 omissionem
1070 1350 1192 1379 certum
1217 1350 1277 1377 est.
1322 1347 1425 1378 Recte
1448 1356 1499 1378 vv.
1525 1347 1575 1377 dd.
1600 1348 1699 1377 Andr.
1717 1350 1777 1377 631
1802 1346 1876 1374 Post
1895 1346 1945 1374 ubi

213 1390 342 1428 tempust
357 1388 509 1426 promissa
532 1387 593 1418 zizm
610 1389 716 1426 perfici
737 1390 888 1429 copulam,
911 1398 1003 1428 quam
1025 1390 1174 1421 omittunt
1196 1399 1265 1421 cum
1288 1387 1406 1428 Don.²)
1450 1389 1502 1422 GP
1527 1389 1626 1428 codd.,
1651 1399 1691 1421 ex
1705 1389 1837 1426 reliquis
1852 1398 1942 1421 rece-

214 1434 339 1469 perunt,
370 1432 431 1463 etsi
460 1432 531 1462 olim
561 1436 634 1470 post
662 1433 821 1463 Faernum
850 1434 901 1463 vel
930 1433 1035 1464 Bentl.
1067 1442 1130 1463 non
1161 1435 1348 1472 agnoverat.
1394 1432 1499 1464 Minus
1530 1441 1607 1464 vero
1636 1432 1857 1463 offendendum
1881 1434 1941 1469 est,

214 1474 296 1511 quod
323 1473 441 1506 Heaut.
474 1476 555 1505 1054
584 1482 629 1511 sq.
652 1472 805 1514 sz'facz'tj
825 1473 914 1510 Quod
939 1485 994 1514 ego
1025 1474 1099 1504 hunc
1126 1484 1249 1513 aequom
1281 1484 1381 1504 censeo
1405 1485 1502 1507 =esse=
1537 1475 1684 1507 omissum
1706 1477 1773 1512 est;
1797 1483 1870 1506 nam
1892 1474 1943 1506 hic

201 1526 371 1554 -2aequomz
404 1517 531 1561 abiecta
564 1517 632 1547 fere
666 1517 817 1548 formulae
851 1521 966 1549 natura
999 1519 1031 1548 in
1065 1518 1220 1549 dicionem
1253 1518 1430 1549 :censendi=
1457 1518 1549 1549 verbi
1572 1517 1652 1549 abiit
1674 1516 1822 1549 similiter
1846 1519 1943 1554 atque

215 1558 277 1590 Ad.
301 1561 362 1590 601
387 1556 425 1587 St
447 1557 489 1587 ita
510 1567 633 1596 aequom
656 1568 762 1588 censes.
806 1560 871 1591 Iam
895 1569 977 1591 nunc
1000 1560 1097 1600 igitur
1119 1560 1268 1597 videmus,
1300 1560 1326 1591 si
1349 1560 1474 1597 quidem
1497 1563 1587 1592 recte
1612 1560 1678 1592 Ols.
1702 1560 1880 1600 disputavit
1902 1575 1943 1580 —

216 1604 250 1634 et
271 1601 422 1633 nonnulla
444 1610 521 1632 sane
545 1602 575 1633 ei
598 1602 805 1633 concedemus
829 1622 877 1636 —.
909 1610 1001 1639 quam
1027 1604 1120 1641 longe
1150 1603 1277 1634 differat
1300 1603 1515 1634 Terentianus
1545 1612 1648 1634 sermo
1671 1612 1691 1634 a
1715 1603 1872 1640 Plautino,
1895 1602 1945 1633 ita

214 1645 251 1675 ut
272 1643 327 1676 vel
348 1643 484 1676 maxime
508 1644 682 1676 cavendum
705 1644 755 1683 sit,
778 1653 818 1676 ne
841 1645 986 1677 Plautum
1009 1648 1042 1677 et
1066 1645 1335 1678 Terentiumuno
1356 1646 1480 1678 modulo
1495 1646 1672 1678 metiamur.
1689 1662 1730 1666 —
1746 1645 1943 1678 Communem

216 1696 286 1718 cum
307 1687 424 1718 Plauto
446 1687 499 1718 vel
522 1687 626 1725 potius
649 1697 716 1718 cum
739 1688 880 1718 omnibus
903 1688 1030 1727 linguae
1060 1689 1117 1719 lat.
1147 1689 1355 1727 scriptoribus
1386 1690 1486 1720 habet
1514 1689 1588 1720 Ter.
1619 1688 1820 1720 omissionem
1851 1688 1944 1720 verbi

216 1730 317 1760 subst.
357 1728 390 1760 in
420 1728 539 1760 talibus
568 1729 709 1760 formulis
740 1731 828 1760 velut
860 1730 979 1761 :mirum
1023 1731 1077 1767 ni=‚
1127 1731 1263 1762 =nimium
1308 1734 1478 1769 quantum=,
1525 1731 1726 1763 :incredibile
1770 1733 1944 1768 quantum,

214 1771 301 1809 :quid
335 1771 390 1809 ni=‚
448 1771 535 1808 =quid
579 1772 670 1811 quod=
721 1776 754 1803 et
805 1779 885 1809 quae
932 1775 1005 1804 sunt
1055 1773 1175 1805 similia.
1242 1773 1345 1813 Quare
1394 1778 1484 1807 recte
1533 1774 1601 1806 sine
1652 1774 1745 1807 dubio
1795 1783 1847 1806 vv.
1892 1774 1943 1806 dd.

215 1814 342 1846 Phorm.
367 1816 427 1845 247
452 1814 515 1845 del.
537 1817 612 1845 =est=
636 1815 833 1851 scripserunt
860 1813 886 1843 O
909 1814 1069 1851 Phaedria,
1091 1814 1264 1843 incredibile
1285 1821 1423 1853 quantum
1446 1826 1531 1845 erum
1553 1821 1620 1846 ante
1635 1825 1669 1845 eo
1684 1816 1851 1855 sapientias
1873 1825 1945 1848 nam

216 1856 338 1896 copula.
361 1856 422 1888 hoc
445 1856 641 1895 potissimum
663 1856 732 1888 loco
756 1864 907 1895 perquam
931 1861 1089 1895 suspecta,
1114 1868 1150 1889 eo
1173 1859 1272 1897 magis
1295 1859 1331 1889 fit
1354 1860 1544 1890 dubitationi
1567 1860 1713 1896 obnoxia,
1738 1859 1819 1896 quod
1843 1859 1946 1896 sequi-

214 1902 271 1930 tur
292 1899 402 1930 modus
424 1898 618 1931 indicativus
641 1901 730 1930 :ante
754 1898 846 1939 eo=⁸);
875 1899 1010 1936 accedit,
1034 1899 1114 1937 quod
1137 1900 1246 1932 Celsus
1270 1901 1354 1940 apud
1380 1901 1472 1934 Char.
1498 1911 1572 1943 pag.
1603 1904 1663 1934 207
1692 1902 1732 1934 K.
1765 1902 1946 1941 scripturae

216 1941 285 1974 sine
307 1945 382 1973 =est=
404 1941 507 1973 favet.
551 1942 597 1973 At
619 1945 727 1972 tamen
751 1942 841 1980 alias,
864 1943 916 1972 ubi
940 1942 1098 1973 extensior
1119 1943 1155 1972 fit
1177 1944 1349 1978 sententia,
1372 1948 1404 1975 et
1426 1945 1597 1984 praecipue
1621 1945 1649 1976 si
1663 1947 1773 1984 partes
1789 1944 1945 1976 formulae

216 1983 453 2016 addidamentis
486 1983 683 2020 dirimuntur,
719 1984 832 2023 copula
863 1984 983 2015 ascitur
1015 1984 1100 2015 velut
1133 1985 1232 2015 Andr.
1257 1988 1313 2016 651
1353 1984 1436 2020 Quid
1461 1986 1534 2015 istuc
1555 1991 1616 2015 tam
1638 1987 1787 2023 mirumst,
1810 1986 1849 2015 de
1870 1990 1898 2015 te
1919 1986 1949 2015 si

215 2024 387 2064 exemplum
431 2024 530 2063 capit?
573 2026 624 2058 Ad
667 2026 868 2058 formularum
899 2026 1090 2058 brevitatem
1129 2026 1270 2065 pertinet
1309 2028 1404 2059 etiam
1449 2029 1573 2060 omissio
1610 2029 1742 2069 copulae
1786 2031 1819 2061 in
1862 2030 1947 2061 locu·

215 2069 357 2101 tionibus
378 2071 481 2101 =tanto
502 2069 624 2101 melior:
648 2066 719 2108 (sel.
743 2062 792 2108 es)
815 2071 848 2101 et
870 2071 972 2101 :tanto
995 2068 1138 2106 nequior:
1161 2068 1302 2102 similiter
1325 2070 1428 2103 plaut.
1453 2074 1555 2104 :tanto
1577 2073 1730 2105 miserior:
1760 2076 1821 2105 etc.
1868 2072 1947 2105 For-

215 2112 320 2144 mulae
344 2112 483 2151 speciem
506 2114 606 2143 habet
629 2113 725 2143 etiam
748 2113 827 2143 Eun.
849 2115 910 2143 427
934 2112 979 2140 nil
998 2116 1090 2148 supra
1113 2115 1146 2142 et
1168 2113 1264 2143 Andr.
1292 2116 1350 2144 120
1379 2118 1411 2142 ut
1437 2115 1481 2142 nil
1508 2119 1609 2152 supra,
1632 2116 1692 2147 etsi
1716 2116 1767 2147 hic
1799 2116 1946 2148 coniunc—

215 2154 302 2188 tivus
325 2154 491 2194 ponendus
515 2157 597 2186 erat.
642 2154 788 2186 Eandem
810 2155 973 2186 formulam
998 2155 1149 2185 habemus
1176 2155 1235 2185 Ad.
1260 2158 1321 2185 264
1349 2155 1409 2184 Nil
1431 2161 1530 2193 potest
1557 2161 1658 2194 supra,
1687 2158 1739 2189 uhi
1769 2168 1864 2190 2053&
1893 2158 1947 2190 vel

376 2240 397 2271 1)
414 2239 471 2266 Non
489 2239 577 2272 placet
594 2238 693 2264 Donati
712 2238 862 2264 adnotatio:
884 2238 1029 2267 „Vitiosum
1048 2238 1205 2263 locutionem
1218 2237 1307 2263 servili
1324 2244 1450 2268 personae
1471 2240 1544 2265 dedit
1553 2240 1703 2266 Terentius.
1734 2242 1800 2268 Nam
1813 2242 1948 2275 integrum

160 2298 162 2300 .
215 2277 300 2306 anet,
319 2274 343 2300 si
362 2274 466 2301 diceret
483 2273 632 2300 :habendas
650 2272 810 2305 compedesz.
846 2272 922 2298 Unde
941 2271 1046 2305 quidam
1064 2279 1116 2298 non
1136 2279 1217 2297 :est-ie:
1236 2272 1284 2298 sed
1302 2279 1407 2304 meque:
1425 2273 1542 2305 legunt.“
1575 2274 1674 2306 Quibus
1694 2276 1780 2301 verbis
1798 2279 1875 2308 patet
1893 2277 1946 2302 iam

217 2308 316 2334 Donati
334 2308 500 2341 temporibus
517 2315 598 2333 :esset
616 2307 810 2338 interpolatum
828 2306 917 2331 fuisse.

371 2340 395 2372 ¹)
433 2342 478 2367 ost
495 2340 541 2367 ubi
559 2338 675 2373 tempus]
694 2339 783 2366 Deest
800 2342 873 2370 :est=,
892 2342 923 2365 ut
941 2339 977 2365 sit
996 2342 1110 2371 :tempus
1130 2341 1192 2365 esta

371 2374 395 2407 ¹)
428 2378 491 2401 nter
507 2374 575 2401 alios
592 2374 653 2400 vide
671 2374 721 2400 Ed.
739 2373 842 2399 Becker
860 2371 1061 2405 „studemund’s
1080 2372 1191 2398 Studien
1209 2380 1231 2398 z.
1250 2373 1319 2399 arch.
1338 2373 1411 2398 Lat.“
1431 2373 1453 2404 Ι,
1471 2374 1528 2400 236.
