2114 2736
830 115 1491 182 queaslzldimcmossinequeasqs.
1572 134 1595 146 “’

294 222 298 224 η
323 179 467 226 domei
463 180 563 213 Erat
557 142 803 224 qaffiam
736 182 915 215 eunuchus
931 195 960 225 q.
972 194 998 218 s.
1011 183 1048 225 1).
1088 184 1236 224 Denique
1251 183 1336 217 haud
1357 182 1576 222 infrequenter
1589 191 1611 214 a

314 227 383 259 et
396 233 620 264 nonnunquam
649 236 670 259 a
697 228 788 260 tenui
817 228 1054 263 interiectione,
1083 232 1165 264 quae
1193 227 1322 267 insuper
1352 234 1410 265 per
1438 224 1603 257 elisionem
1629 232 1699 257 cum
1720 227 1771 257 'an

212 265 290 301 erbo
310 268 484 301 coniuncta
506 271 566 304 est,
589 278 675 301 nova
703 270 868 301 sententia
893 270 1054 309 incipitur.
1099 270 1165 301 Sic:
1190 270 1249 300 Ad.
1279 271 1336 300 261
1363 275 1409 305 sq.
1437 265 1590 297 lucrum:
1605 263 1697 305 hm!
1714 264 1871 295 Metal-⁵⁸²³

176 318 218 357 Β.
241 318 268 342 8-
310 306 413 357 ᾼιιᾱτ.
437 313 500 343 254
522 320 567 351 sq.
591 309 629 340 de
652 310 768 350 patre?
794 310 837 340 ab
858 312 862 351 ι
887 310 1070 341 Tantamne
1095 320 1161 340 rem
1188 312 1253 340 tam
1276 309 1484 349 neglegenter
1502 310 1617 347 agere!
1640 311 1673 340 et
1694 308 1770 340 ibid.
1797 306 1859 340 469
1882 317 1931 349 sq.

189 360 256 382 sam
277 351 366 383 sab:
382 352 427 382 alr
451 352 455 392 Ι
488 352 553 383 Vix
578 353 709 383 tandem
734 362 821 383 sensz
849 352 997 384 stolz'dus.
1023 357 1084 385 etc.
1130 354 1250 385 Videas
1280 353 1375 385 etiam
1405 353 1489 383 hunc
1517 351 1635 383 locum:
1667 350 1766 383 Andr.
1793 352 1851 383 147
1883 360 1930 391 sq.

189 392 249 425 ille
269 393 375 425 mstat
384 395 529 435 sactum.
552 395 704 435 Demque
722 395 726 434 ι
746 396 797 425 Ita
820 397 891 425 tum
918 395 1042 425 dtscedo
1065 404 1093 433 q.
1118 406 1143 428 s.
1187 397 1348 428 Personae
1374 394 1508 426 mutatio
1537 393 1664 425 accedit
1690 394 1771 425 Eun.
1803 396 1861 425 185
1884 402 1930 433 sq.

136 440 137 443 ’
189 442 262 467 sme
283 438 315 467 te
335 446 461 467 exorem
478 451 495 471 2:
517 437 670 477 Scilicet!
691 437 939 472 Facz'undumst,
970 438 1057 478 quod
1075 437 1132 467 vis.
1158 457 1197 461 —
1221 439 1312 477 Quae
1342 446 1410 468 cum
1433 436 1480 467 ita
1503 436 1576 474 sint,
1605 436 1785 475 putaverim
1812 436 1845 467 in
1874 436 1931 468 illa

133 503 137 507 -
191 481 325 521 copulae
358 481 568 513 collocatione
597 481 675 513 nihil
708 490 779 514 esse
812 481 1009 521 offensionis3
1039 484 1086 520 et,
1118 480 1145 513 si
1173 479 1371 512 nihilominus
1402 478 1471 518 quis
1504 478 1623 518 aliquid
1658 478 1773 511 saltem
1803 483 1930 511 restare

189 522 369 556 offensionis
385 525 561 562 contendit,
585 527 673 555 certe
689 525 750 555 hoc
774 523 912 560 ‘aliquid’
928 534 991 555 non
1006 526 1132 554 tantum
1156 526 1214 560 est,
1239 526 1274 553 ut
1296 523 1445 553 librorum
1462 525 1617 553 concentu
1632 531 1762 561 prorsus
1778 522 1929 562 neglecto

190 566 343 598 Terentio
366 566 542 598 omissionis
569 565 745 606 exemplum
770 566 963 598 inculcemus
986 565 1148 603 eiusmodi,
1178 566 1299 604 qualem
1323 567 1356 595 et
1377 564 1448 603 ipsi,
1473 564 1524 603 qui
1547 565 1577 595 h.
1602 565 1621 595 l.
1653 565 1796 604 copulam
1821 565 1929 596 delere

189 618 251 640 non
273 609 432 647 dubitant,
454 618 607 648 nusquam
632 608 713 640 alias
735 609 823 648 passi
846 612 928 640 sunt.
954 626 991 630 -

342 651 411 683 Iam
433 652 473 683 ad
505 652 639 682 alterum
670 651 772 682 locum
803 655 1014 682 transeamus.
1060 651 1137 682 Hec.
1163 654 1223 681 780
1248 658 1294 686 sq.
1324 650 1477 680 traditum
1507 652 1557 680 est
1585 652 1719 688 praeter
1742 650 1929 681 Bembinum

189 694 332 724 omnibus
355 694 462 724 libris·

477 733 617 764 Missam
641 743 724 763 tram
738 734 869 773 faciet:
886 718 939 764 si'n
962 735 1104 764 autemst
1124 733 1159 763 ob
1181 734 1251 763 edm
1275 743 1340 762 rem
1363 733 1473 763 iratus
1490 733 1623 774 gnatus,

483 776 581 815 Quod
594 776 723 816 peperit
742 786 828 807 uxor
847 777 937 811 clam,
963 777 1001 807 id
1021 776 1127 807 levest.

340 822 465 852 Bemb.·
489 821 551 852 =sin
573 823 678 852 autem
702 822 763 853 oba
787 837 828 841 —
852 821 955 853 Bentl.
980 820 1153 859 offendens,
1178 821 1261 858 quod
1284 823 1417 860 quartus
1440 808 1557 860 prioris
1573 830 1685 853 versus
1708 830 1764 860 pes
1775 806 1928 859 spondeo

187 864 340 902 expletur,
371 863 431 894 =sin
461 863 582 894 itemst=
614 864 788 902 proposuit.
804 862 829 902 2)
873 864 1047 895 Kraussius
1080 864 1125 895 sic
1153 864 1280 895 maluit:
1313 864 1385 902 5ειιι,
1407 866 1442 895 ιιι
1465 867 1525 902 est,
1558 864 1598 895 ob
1629 873 1699 895 eam
1730 872 1796 894 rem
1827 863 1929 895 iratus

186 909 341 947 gnatusta
372 915 462 945 quam
495 905 686 945 scripturam
709 906 822 938 Fleck.
839 907 885 943 ιιι
915 910 1037 952 textum
1067 907 1201 945 recepit.
1246 907 1319 944 Sed,
1350 916 1419 939 cum
1449 907 1594 946 legamus
1625 907 1703 938 Hec.
1730 910 1789 938 732
1820 904 1927 938 Salve,

185 947 343 979 Laches:
370 947 472 977 Credo
494 946 606 986 e‘depol
626 949 658 976 te
679 957 745 977 non
770 948 780 988 ξι
807 944 859 977 nil
879 948 1005 982 mirari,
1019 948 1161 982 Bdeclns,
1185 949 1293 980 nescio
1308 959 1348 980 an
1360 949 1477 980 iniuria
1490 959 1540 980 vv.
1554 949 1604 980 (ld.
1621 949 1653 980 in
1665 948 1804 980 numeris
1817 957 1929 980 versus

184 991 383 1023 offenderint.
399 990 427 1030 3)
471 992 567 1023 Immo
590 991 694 1022 omnia
716 984 799 1023 bene
824 1002 858 1024 se
882 993 1003 1024 habere
1028 992 1183 1029 existimo,
1209 992 1372 1026 dummodo
1402 991 1514 1031 copula
1549 1001 1586 1023 eo
1609 992 1687 1027 loco,
1711 1000 1769 1030 quo
1792 991 1824 1022 ll.
1849 991 1927 1022 Call

185 1034 314 1070 habent,
343 1034 534 1066 retineatur.
580 1035 723 1066 Bembini
751 1044 828 1067 vero
858 1035 1080 1066 auctoritatem
1112 1035 1144 1066 in
1172 1036 1232 1066 hoc
1264 1035 1387 1073 quidem
1417 1043 1513 1067 versu
1536 1044 1597 1067 nou
1620 1034 1711 1067 nimis
1736 1043 1827 1069 cur0;
1857 1044 1928 1066 nam

186 1079 238 1108 est
259 1080 325 1108 tam
349 1077 565 1116 neglegenter
587 1077 620 1107 iu
642 1077 704 1109 hac
726 1081 818 1116 parte
841 1078 991 1116 scriptus,
1015 1081 1050 1108 ut
1071 1078 1154 1114 fidei,
1179 1085 1241 1113 qua
1257 1078 1442 1113 ceteroquin
1465 1077 1670 1116 gaudeamus,
1694 1085 1734 1108 ne
1758 1077 1929 1116 vestigium

186 1119 312 1156 quidem
334 1119 482 1150 relictum
505 1118 564 1157 sit3
588 1127 667 1150 sane
689 1120 771 1152 idem
791 1119 951 1158 librarius,
976 1120 1029 1159 qui
1051 1119 1084 1151 in
1103 1120 1215 1159 paucis
1238 1120 1384 1152 versibus
1408 1120 1491 1151 haec
1515 1119 1670 1151 commisit
1689 1120 1778 1151 velut
1800 1119 1927 1151 :dierat-

186 1171 243 1202 pro
265 1162 413 1194 :deieratf-
437 1160 481 1201 (v.
501 1160 585 1200 771),
608 1161 682 1194 :iste
698 1166 852 1195 metuunt=
874 1172 931 1202 pro
955 1163 1049 1195 :istae
1066 1165 1218 1194 metuont:
1243 1160 1343 1200 (772),
1367 1162 1488 1194 :facere
1504 1165 1602 1201 queat
1624 1172 1712 1194 uxor=
1735 1171 1790 1201 pro
1807 1162 1928 1194 =facere

186 1207 224 1236 ut
244 1205 360 1236 redeat
381 1214 472 1236 uxor-
496 1203 599 1242 (774),
623 1206 698 1236 :alia
714 1208 747 1236 et
766 1206 964 1237 meretrices:
988 1215 1045 1245 pro
1070 1205 1166 1236 =aliae
1181 1205 1380 1237 meretrices=
1405 1203 1507 1243 (776),
1531 1214 1638 1237 enimc:
1661 1214 1719 1236 om.
1744 1202 1845 1244 (778),
1868 1213 1928 1236 =se=

186 1246 268 1278 falso
297 1246 368 1278 add.
399 1245 502 1286 (779),
532 1251 653 1287 :gntus=
676 1258 732 1287 pro
760 1251 901 1288 =gnatus=
923 1247 1026 1287 (780),
1059 1257 1143 1286 =qu0=
1172 1257 1227 1286 pro
1252 1248 1356 1286 :quod=
1386 1246 1489 1286 (781),
1521 1248 1618 1279 =ma11=
1642 1258 1700 1279 om
1731 1245 1824 1285 (782)
1855 1251 1926 1283 etc.⁷

188 1298 258 1321 eum
282 1290 377 1320 etiam
411 1290 545 1328 copulae
574 1291 648 1328 post
669 1294 800 1322 ==autem
829 1290 962 1322 omissae
986 1291 1134 1322 incusare
1157 1299 1221 1322 non
1244 1293 1295 1322 est
1316 1290 1439 1331 religio.
1483 1291 1638 1329 Perquam
1661 1291 1765 1322 autem
1796 1272 1928 1330 cupidus⁷

188 1340 256 1364 sum
283 1332 445 1369 noscendi,
475 1341 609 1371 quonam
624 1334 725 1373 ,modo
748 1334 893 1371 Olsenus,
908 1334 981 1374 ‚qui
1003 1343 1119 1372 reapse
1144 1334 1287 1372 copulam
1311 1334 1423 1370 omisit,
1452 1343 1541 1364 suum
1564 1343 1691 1364 versum
1720 1334 1927 1371 disposuerit:

457 1373 596 1403 Missam
619 1383 703 1404 tram
715 1374 825 1416 faciet
847 1386 863 1408 ες
887 1384 939 1405 szn
962 1376 1070 1405 autem
1093 1373 1128 1404 ob
1152 1374 1219 1405 ea'm
1243 1383 1308 1404 rem
1332 1373 1440 1404 iratus
1456 1374 1591 1413 gnatus,

149 1459 152 1462 .
187 1418 302 1449 Utrum
331 1418 483 1448 trochaeo
507 1420 624 1449 autem
648 1420 698 1450 ob:
721 1419 846 1450 iambici
868 1428 981 1451 versus
1011 1422 1156 1458 quartum
1183 1418 1295 1457 pedem
1327 1418 1446 1458 expleri
1475 1418 1564 1457 velit,
1596 1428 1637 1450 an
1660 1418 1699 1450 de
1732 1418 1822 1450 hiatu
1844 1418 1928 1450 inter

189 1461 323 1491 =autem=
354 1463 388 1492 et
409 1461 471 1491 =ob=
501 1460 705 1500 cogitaverit,
732 1462 898 1493 nescimus.
944 1463 1035 1501 Quod
1065 1464 1170 1492 autem
1200 1461 1311 1499 copula
1333 1464 1404 1499 post
1427 1464 1558 1492 =autem=
1590 1461 1701 1492 addita
1724 1465 1782 1495 estv
1816 1461 1928 1492 videas

189 1509 311 1540 quaeso
336 1512 383 1537 ea,
407 1510 488 1539 quae
509 1512 584 1542 pag.
608 1504 722 1535 XXXI
745 1504 941 1543 protulimus.
966 1522 1006 1526 —

344 1546 447 1576 Recte
471 1548 577 1577 autem
600 1546 739 1577 fortasse
763 1547 876 1585 copula
899 1546 992 1577 deest

581 1588 663 1620 Eun.
690 1590 749 1619 178
773 1586 925 1617 Labascit
945 1587 1050 1616 victus
1072 1596 1139 1616 uno
1162 1587 1262 1620 verbo,
1287 1596 1382 1625 quam
1404 1587 1527 1626 cz'to!⁴)

188 1630 246 1661 sed
268 1638 332 1661 non
362 1630 419 1668 ita,
449 1632 486 1661 ut
507 1633 615 1662 mente
648 1631 826 1669 supplenda
849 1631 900 1669 sit,
931 1630 988 1662 sed
1015 1630 1071 1668 ita,
1104 1633 1140 1661 ut
1170 1630 1294 1662 :victus=
1318 1640 1381 1661 non
1411 1630 1616 1663 indicativum
1644 1630 1701 1661 sed
1728 1630 1928 1670 participium

187 1671 423 1712 intellegamus.
470 1671 532 1711 Qui
559 1675 667 1704 antem
689 1673 721 1704 id
750 1675 866 1712 putant
895 1675 1009 1704 contra
1038 1673 1271 1712 simplicitatem
1303 1672 1491 1704 Terentiani
1521 1672 1674 1705 sermonis
1706 1672 1824 1710 facere,
1856 1681 1928 1704 con·

187 1713 298 1746 ferant
319 1715 438 1746 Heaut.
464 1716 546 1746 1024
569 1724 614 1754 sq.

665 1756 703 1787 Si
723 1766 851 1795 unquam
873 1757 965 1786 ullum
977 1756 1051 1797 fuit
1070 1761 1192 1794 tempus,
1214 1761 1319 1793 mater,
1341 1767 1405 1786 cum
1427 1767 1483 1795 ego
1505 1757 1648 1795 voluptati
1667 1757 1721 1786 tibi

665 1799 798 1836 Fuerim,
821 1799 915 1829 dictus
927 1799 1014 1839 filius
1035 1803 1099 1828 tuos
1120 1804 1222 1828 vostra
1244 1800 1407 1828 voluntate.-
1429 1799 1554 1828 obsecro.
1761 1803 1794 1830 et

415 1843 477 1874 Ad„
500 1844 562 1873 439
586 1851 632 1881 Sq.
941 1842 971 1871 si
990 1841 1064 1871 satis
1086 1850 1182 1875 cerno,
1206 1841 1232 1870 is
1254 1846 1299 1870 est
1318 1841 1432 1871 hercle:
1453 1842 1519 1875 vah,

663 1884 765 1913 Homo
786 1884 899 1913 amicus
920 1884 1003 1913 nobis
1025 1882 1086 1912 iam
1109 1883 1178 1912 inde
1199 1893 1218 1912 a
1235 1888 1349 1921 puero:
1371 1883 1406 1913 di
1425 1883 1494 1913 boni
1506 1883 1533 1924 ⁶)
1761 1888 1794 1916 et

392 1927 476 1959 Eun.
502 1929 562 1958 569
587 1936 632 1966 sq.
655 1926 738 1955 Erat
756 1925 879 1965 quidam
902 1925 1055 1963 eunuchus,
1076 1936 1162 1964 quem
1184 1930 1330 1955 mercatus
1342 1925 1455 1966 fuerat
1467 1926 1575 1965 frater
1601 1925 1724 1964 Thaidi,

662 1969 767 2007 Neque
789 1969 816 1998 is
838 1968 979 1998 deductus
1001 1969 1091 1997 etiam
1113 1974 1175 1998 tum
1196 1969 1241 1998 ad
1259 1978 1335 1998 eam.

341 2038 361 2069 ι)
379 2038 531 2070 Sophocles,
558 2037 603 2070 qui
621 2041 693 2063 certe
720 2037 822 2063 maiore
848 2037 992 2069 diligentia
1019 2044 1096 2069 quam
1119 2037 1209 2062 Plauti
1227 2040 1255 2062 et
1282 2040 1311 2062 et
1334 2037 1454 2062 Terentii
1473 2044 1562 2062 versus
1582 2044 1642 2062 suos
1661 2038 1816 2070 composiut,
1836 2038 1879 2064 vel
1898 2039 1924 2064 in

183 2072 342 2099 hexametro
360 2072 394 2098 ad
414 2079 473 2098 eam
490 2071 625 2098 licentiam
643 2078 803 2104 progressus
822 2073 873 2103 est,
892 2073 923 2097 ut
940 2078 992 2097 non
1010 2075 1148 2097 vereretur
1166 2071 1204 2097 sic
1223 2070 1348 2097 scribere:

493 2110 589 2137 Trach.
609 2111 676 2136 1009
695 2118 733 2143 sq.
752 2104 833 2150 ἧπται
850 2112 908 2148 μοῦ,
928 2112 1035 2135 τοτοτοΐ,
1054 2103 1100 2149 ἥδ’
1118 2104 1170 2135 αυθ
1197 2107 1280 2151 ἕρπει.
1299 2107 1386 2135 πόθεν
1404 2103 1456 2135 ἔστ
1475 2109 1495 2134 ὠ

750 2141 858 2169 πάντων
870 2140 1000 2169 Ελλοίνων
1018 2139 1172 2169 ἇδικωτιιτοι
1192 2144 1291 2178 ανέρες,
1303 2140 1386 2173 οὐςδή

338 2178 361 2212 ²)
380 2179 454 2212 Quae
477 2178 612 2212 scriptura
637 2186 689 2204 non
709 2178 776 2204 satis
794 2177 946 2204 verisimilis
972 2181 1021 2210 est,
1045 2178 1115 2211 quod
1141 2186 1191 2204 uon
1208 2178 1276 2204 bene
1302 2181 1377 2204 coeat
1394 2186 1452 2204 curu
1475 2178 1565 2204 verbis
1589 2178 1632 2204 :ob
1651 2186 1708 2205 eum
1731 2187 1785 2205 rem
1804 2195 1836 2198 —
1854 2181 1924 2213 quod

180 2213 291 2247 merit
308 2214 504 2280 Μ’ἳῐῦζιιτῖιιιιι
530 2247 653 2273 conferas
676 2246 708 2273 de
726 2247 776 2272 hac
802 2253 832 2272 re
852 2245 884 2273 G.
901 2246 999 2279 Herm„
1021 2246 1104 2272 Elem.
1129 2246 1210 2272 doctr.
1235 2249 1310 2272 metr.
1329 2253 1391 2278 pag.
1412 2246 1460 2272 150
1486 2250 1514 2272 et
1531 2246 1609 2273 Conr.
1634 2247 1691 2279 „De
1716 2255 1838 2274 versuum
1865 2248 1925 2275 Ter.

181 2283 377 2315 met“1›.ag
397 2283 429 2309 16
447 2281 538 2308 adnot.
555 2281 580 2307 4.

378 2316 471 2342 Fleck.
489 2323 547 2341 cum
565 2315 689 2341 Bentleio
706 2314 835 2340 νιοιιιειτ.

336 2316 361 2383 :3
377 2350 476 2383 Speng.
495 2350 530 2375 ad
548 2350 618 2375 hunc
635 2349 739 2375 locum.
758 2349 858 2375 -homo-
875 2348 1037 2381 Apposition
1055 2356 1089 2374 zu
1107 2348 1167 2381 ·is·;
1185 2348 1260 2374 nicht
1278 2351 1345 2374 ·est·
1362 2356 1396 2374 zu
1414 2351 1556 2381 ergiinzen.
