2114 2736
1016 62 1096 93 XVI

338 162 424 203 Apte
445 162 505 195 hoc
526 162 597 195 loco
621 163 716 195 etiam
743 162 782 195 de
804 163 875 204 :it-a:
898 165 932 195 et
953 163 1054 195 :itasta
1076 161 1216 194 formulis
1245 161 1460 201 respondendi
1488 162 1607 203 agitur.
1650 155 1950 206 Lameahs2kglss.g

181 213 257 244 pag.
275 207 337 236 210
360 213 428 245 sqq.
452 208 566 237 contra
588 214 696 237 eorum
719 206 911 238 sententiam
933 214 1088 245 pugnans,
1111 204 1164 243 qui
1185 204 1361 244 promiscue
1383 204 1442 236 has
1465 204 1545 239 duas
1563 203 1917 240 locutiones'adffibitas
1951 217 1954 218 ⁷

183 255 256 278 esse
280 248 488 286 contendunt,
511 248 610 280 certis
631 248 745 279 finibus
769 257 875 279 earum
897 256 985 278 usum
1008 247 1269 278 circumscribere
1302 249 1438 278 conatus
1468 249 1534 287 est;
1564 247 1610 278 sic
1639 249 1723 279 enim
1750 248 1783 280 ei
1811 256 1917 290 secem*b

182 289 310 322 nendae
332 290 493 323 videntur:
530 291 595 329 „Es
623 299 708 322 muss
731 290 782 321 ein
809 290 991 322 scharferer
1012 289 1226 321 Unterschied
1252 290 1403 328 gemacht
1429 290 1560 322 werden
1586 290 1749 322 zwischen
1779 290 1838 322 der
1863 291 1917 323 be-

179 331 343 372 jahenden
358 330 533 365 Antwort
544 333 601 364 auf
613 333 684 364 eine
699 331 817 372 Frage
833 332 897 363 und
913 332 970 363 der
986 329 1230 371 Bestiitigung
1251 331 1341 363 einer
1355 332 1644 372 vorhergehenden
1659 330 1917 374 Behauptung;

183 375 225 405 im
248 378 396 406 ersteren
417 375 493 405 Fan
515 375 595 405 fehlt
617 377 689 405 :est-
712 375 829 414 immer,
851 375 892 404 im
905 375 1041 405 zweiten
1057 374 1144 404 kann
1160 383 1196 404 es
1213 374 1437 413 hinzugesetzt
1453 375 1583 405 werden
1600 376 1678 407 oder
1692 376 1775 406 auch
1794 375 1916 414 fehlen;

184 418 243 448 das
257 416 410 449 Letztere
433 418 477 448 ist
490 418 687 456 gewbhnlich
703 417 761 447 der
776 417 859 453 Fan,
884 427 975 447 wenn
991 427 1031 447 zu
1046 417 1117 446 :ita=
1133 418 1214 447 noch
1225 416 1295 447 eine
1311 417 1700 456 Betheuerungspaitikel
1715 418 1913 449 hinzutritt.“

184 456 285 499 Quam
308 459 561 493 observationem
583 462 619 492 ut
640 459 672 492 in
694 458 873 494 Plautinum
895 458 941 491 ita
964 458 1059 491 etiam
1081 458 1113 491 in
1136 458 1280 491 Terentii
1303 467 1392 492 usum
1415 458 1526 492 valere
1554 459 1723 493 existimat.
1769 460 1917 494 Plautum

183 511 261 534 vero
283 503 313 534 h.
337 503 358 534 1.
381 512 443 533 non
467 511 550 539 curo,
574 502 630 533 sed
652 502 822 538 videamus,
847 502 920 539 quid
943 502 1094 533 Terentio
1119 501 1298 532 conveniat.
1337 501 1401 532 Sex
1424 503 1509 534 locos
1531 503 1567 533 L.
1592 503 1696 542 affert,
1719 504 1773 535 ubi
1795 504 1829 535 in
1850 512 1916 535 res-

182 544 334 585 ponsione
356 544 425 576 :ita=
447 543 563 576 dictum
587 546 653 576 est:
683 543 782 575 Andr.
807 545 877 578 849,
900 544 978 575 Eun.
1003 544 1074 575 697.
1100 544 1170 575 708.
1195 544 1265 581 721,
1289 544 1414 576 Phorm.
1441 546 1501 576 382
1524 544 1585 577 Ad.
1615 546 1686 577 655.
1732 546 1918 586 Respondet

182 587 282 627 igitur
303 587 373 619 :ita=
395 586 633 618 accuratissime
658 591 767 618 nostro
794 585 879 626 „ja!“
929 587 1035 627 Quare
1059 587 1118 618 huc
1142 586 1282 627 pertinet
1306 587 1402 618 etiam

435 630 558 660 Phorm.
583 632 644 659 415
668 637 734 665 sqq.
780 628 847 661 An,
871 630 911 657 ut
931 628 1054 666 nequid
1073 631 1167 667 turpe
1189 627 1269 657 cz'szv
1291 628 1328 657 z'n
1350 638 1384 657 se
1403 629 1589 658 admitteret

782 669 920 710 Propter
940 671 1118 710 egestatem,
1137 673 1298 710 proxumo
1321 670 1445 701 tussast
1466 670 1549 707 dart}

792 712 836 744 Ut
857 721 928 743 cum
951 721 1018 744 uno
1041 714 1176 744 aetatem
1200 713 1349 753 degeret?
1372 713 1459 753 quod
1479 715 1515 744 tu
1538 715 1636 744 vetas.

782 756 842 790 Ita,
861 759 1023 795 proxumo
1045 756 1172 796 quidem
1180 768 1190 786 .-

185 801 353 839 Fugerunt
374 799 557 838 Langenum
580 800 703 830 Phorm.
719 802 778 830 542
803 798 951 828 Itanest?
973 811 990 829 2:
1014 799 1075 831 Ita.
1108 804 1141 831 et
1164 801 1237 832 ibid.
1257 803 1314 831 901
1334 800 1387 828 De
1402 799 1510 828 eadem
1527 800 1741 839 hacfortasse
1756 801 1878 830 causa?
1893 812 1915 834 2:

181 841 233 871 Ita
254 839 368 873 hercle.
413 841 525 873 Nullus
548 843 653 873 autem
677 844 785 874 exstat
807 843 906 881 locus,
929 843 983 874 ubi
1005 843 1037 875 in
1059 843 1263 882 responsione
1286 844 1388 875 =itast=
1411 843 1545 882 dicatur,
1572 844 1655 883 quod
1683 844 1860 883 adhibetur,
1890 845 1917 877 si

180 884 374 915 antecedens
396 884 545 914 iudicium
568 884 780 922 confirmatur,
805 888 839 915 ut
862 894 918 916 nos
941 886 1072 916 dicimus
1098 895 1152 923 „so
1175 886 1218 916 ist
1242 884 1314 924 es“;
1339 887 1377 916 cf.

405 926 487 958 Eun.
513 929 572 958 123
596 924 684 956 Nam
706 925 758 956 hic
780 935 904 965 quoque
926 925 1041 957 bonam
1063 937 1277 966 magnamque
1293 929 1420 966 partem
1444 927 1489 957 ad
1510 930 1539 958 te
1562 927 1687 958 attulit.

551 980 573 999 ::
597 968 689 997 Itast.

181 1012 256 1043 item
278 1013 377 1043 Andr.
403 1015 475 1046 386.
497 1013 625 1043 Phorm.
651 1016 711 1044 265
736 1017 770 1044 et
793 1017 864 1044 326.
902 1015 971 1045 Nec
993 1023 1056 1045 non
1078 1015 1140 1045 huc
1162 1015 1303 1053 pertinet

488 1055 587 1087 Andr.
612 1056 673 1087 523
697 1065 765 1096 sqq.
1309 1065 1385 1085 nam
1409 1058 1506 1087 antea

593 1096 665 1135 Qui
681 1098 763 1128 scire
779 1100 890 1137 posses
911 1100 972 1127 aut
995 1098 1164 1137 ingenium
1187 1108 1314 1128 noscere

592 1139 685 1169 Dum
708 1141 798 1170 aetas
819 1142 923 1170 metus
944 1140 1100 1180 magzkter
1114 1140 1346 1180 prohtbebant?
1370 1156 1391 1175 :z
1414 1142 1506 1173 Itast.

182 1182 237 1214 ubi
259 1183 457 1215 antecedens
479 1183 641 1214 sententia
670 1184 808 1223 speciem
834 1187 958 1216 tantum
985 1186 1142 1224 praebens
1170 1185 1432 1225 interrogationis
1460 1187 1566 1218 iudicii
1593 1190 1736 1219 naturam
1770 1188 1912 1227 attingit.

183 1225 296 1257 Adhuc
318 1225 416 1265 igitur
438 1224 584 1265 Langeni
607 1226 790 1259 observatio
815 1228 1021 1258 Terentianis
1044 1237 1166 1266 quoque
1191 1229 1342 1267 exemplis
1364 1230 1497 1268 probata
1521 1234 1586 1266 est3
1616 1231 1673 1261 sed
1696 1231 1778 1269 quod
1801 1231 1915 1262 statuit

183 1268 293 1301 eodem
315 1267 385 1299 iure
408 1270 503 1304 atque
525 1268 627 1298 =itast=
655 1269 777 1300 retiam:
807 1269 876 1300 :ita=
904 1269 1102 1307 locutionem,
1131 1278 1193 1307 qua
1223 1271 1417 1302 antecedens
1444 1272 1590 1303 iudicium
1620 1273 1832 1308 confirmetur,
1863 1273 1916 1304 ad-

182 1309 295 1347 hiberi,
319 1310 482 1341 sententia
505 1310 574 1341 eius
596 1310 693 1341 dubia
716 1312 835 1343 evadit.
880 1312 1016 1343 Primum
1041 1312 1122 1343 enim
1146 1313 1330 1352 exemplum,
1355 1314 1434 1352 quod
1458 1314 1552 1345 affert

489 1353 614 1384 Phorm.
639 1354 700 1384 613
724 1361 791 1390 sqq.
1266 1355 1339 1386 GE.
1369 1353 1459 1393 Quid
1478 1355 1611 1394 agitur?

541 1395 607 1427 CH.
642 1393 777 1424 Multa:
799 1394 994 1429 advenienti,
1019 1397 1059 1425 ut
1068 1396 1125 1436 fit,
1150 1405 1234 1425 nova
1257 1395 1309 1426 hic
1330 1396 1516 1437 compluria.

539 1438 606 1469 GE.
642 1437 703 1467 Ita.
726 1437 765 1467 de
786 1437 975 1477 Antz'pnone
997 1438 1147 1468 audz'stm
1170 1439 1390 1479 quaefacta?
1417 1442 1481 1473 CH.
1508 1440 1636 1471 Omnia.

179 1489 334 1520 perquam
358 1480 483 1512 dubium
507 1482 567 1511 est.
613 1480 674 1519 Qui
701 1481 782 1513 enim
808 1485 914 1521 potest
942 1482 1027 1514 Geta
1060 1482 1236 1514 Chremetis
1265 1484 1366 1514 verba
1394 1484 1591 1523 confirmare,
1620 1494 1687 1516 cum
1717 1488 1815 1517 antea
1844 1486 1917 1525 quid

180 1526 336 1564 ageretur
356 1523 620 1563 interrogasset?
666 1524 820 1557 Fortasse
843 1528 932 1558 recte
957 1534 1026 1557 cum
1050 1525 1206 1557 Schoellio
1230 1535 1342 1558 versus
1364 1527 1411 1558 ita
1434 1527 1677 1560 conformamus:

1266 1569 1333 1600 GE.
1365 1568 1457 1606 Quid
1476 1578 1496 1598 α
1518 1569 1612 1599 itur?

489 1608 554 1639 CH.
588 1607 710 1642 Multa,
734 1608 927 1638 advenienti
944 1611 984 1637 ut
993 1609 1050 1648 fit.
1097 1611 1164 1641 GE.
1200 1610 1295 1638 Nova
1316 1609 1368 1638 hic
1388 1579 1590 1650 complr‘frz'a?

490 1651 556 1682 CH.
589 1650 651 1682 lta.
696 1652 764 1684 GE.
796 1652 850 1681 De
871 1651 1063 1690 Antiphone
1084 1651 1232 1681 audistin
1255 1652 1466 1693 quaefacta?
1510 1655 1573 1686 CH.
1613 1654 1740 1686 Omnia.

177 1691 395 1732 Conradius,¹)
418 1703 486 1725 cum
509 1693 542 1724 in
564 1693 685 1725 =multa=
708 1698 742 1726 et
765 1695 960 1734 :compluria
988 1696 1153 1727 verborum
1177 1696 1397 1727 coniunctione
1415 1696 1599 1735 offenderet,
1624 1698 1769 1729 Bembini
1794 1708 1916 1730 correc-

176 1737 255 1768 toris
278 1736 519 1768 distinctionem
542 1737 705 1775 amplexus
729 1738 775 1769 sic
798 1738 940 1777 scripsit:

1016 1780 1083 1812 GE.
1110 1778 1201 1818 Quid
1220 1779 1354 1818 agitur?

576 1818 692 1850 Multa
714 1820 907 1850 advenzentz'
924 1823 963 1851 ut
973 1821 1024 1860 fit
1043 1830 1127 1851 nova
1150 1821 1209 1851 ln‘c.
1233 1823 1296 1855 ΟΗ.
1325 1821 1521 1861 Complurz‘a.

488 1863 556 1896 GE.
579 1862 633 1892 Ita
656 1863 695 1893 de
716 1863 808 1897 Ant,

277 1904 279 1908 ’
329 1906 439 1938 Etiam
461 1906 546 1937 hanc
569 1906 596 1937 si
618 1907 778 1944 sequimur
799 1908 954 1939 rationem
977 1908 1046 1939 :ita=
1070 1907 1284 1939 confirmantis
1311 1918 1372 1940 non
1397 1912 1455 1940 est.
1480 1910 1635 1947 Equidem
1666 1920 1761 1943 versu
1786 1915 1845 1943 212
1869 1912 1915 1944 ita

175 1949 388 1981 conformato·
462 1992 531 2025 GE.
553 1990 657 2022 Itan?
679 1991 717 2021 de
738 1991 930 2031 Antz'szone
952 1991 1101 2022 audzssvtz'n
1124 2001 1206 2031 quae
1219 1992 1340 2033 facta?
1363 1994 1427 2026 CH,
1454 1993 1581 2024 Omnia.
1595 1994 1623 2035 ²)

172 2035 411 2067 antecedentes
433 2044 548 2067 versus
570 2037 653 2068 bene
676 2044 711 2066 se
736 2037 857 2067 habere
881 2036 1070 2074 putaverim.
1095 2036 1189 2074 Geta,
1214 2036 1265 2074 qui
1288 2036 1378 2067 initio
1394 2037 1517 2073 quidem
1533 2039 1727 2071 nescientem
1750 2049 1784 2071 se
1801 2050 1913 2079 rerum,

170 2086 255 2117 quae
277 2077 390 2109 factae
413 2080 499 2115 sunt,
522 2078 657 2116 inducit,
680 2087 786 2110 nonne
810 2078 984 2118 aptissime,
1014 2087 1081 2109 cum
1112 2079 1306 2110 Chremetem
1331 2088 1437 2110 earum
1468 2089 1539 2113 esse
1563 2082 1720 2113 conscium
1749 2084 1912 2123 sensisset,

170 2120 218 2153 sic
240 2121 448 2160 interrogare
471 2120 611 2153 videtur:
637 2121 721 2159 „So?
743 2122 819 2152 hast
841 2122 882 2152 du
905 2122 1021 2160 gehort
1043 2130 1072 2152 u.
1097 2131 1121 2152 s.
1145 2120 1227 2152 w.?“
1252 2122 1304 2152 Sic
1327 2123 1374 2153 Pl.
1398 2123 1477 2154 Rud.
1501 2124 1560 2161 III,
1584 2127 1612 2154 4.
1637 2127 1676 2155 42
1700 2134 1764 2164 sqq.

1037 2161 1123 2193 Itane
1146 2161 1333 2202 mpudens?

633 2205 721 2236 Tune
743 2205 796 2235 ln'c
807 2204 897 2246 felis
918 2204 1096 2244 vzrgz'nalz's
1118 2205 1232 2234 liberos
1248 2206 1443 2244 parentibus

625 2246 793 2277 Sublectos
815 2247 941 2277 habebis
954 2270 960 2276 .
975 2271 981 2277 .
996 2271 1001 2276 .
1015 2248 1030 2277 ,2

169 2291 361 2325 Rectissime
384 2291 447 2324 iam
470 2291 540 2324 Dzi.

326 2372 346 2403 ¹)
366 2372 433 2403 „Die
451 2372 592 2418 mati-ischa
610 2372 794 2404 composition
813 2372 861 2398 der
878 2373 1029 2398 Kombdien
1048 2373 1093 2398 des
1112 2372 1239 2399 Terenz.“
1262 2373 1334 2398 1876.
1355 2381 1415 2405 pag.
1433 2376 1466 2399 47
1482 2374 1659 2409 Anmerkung.

324 2418 345 2453 ἵ)
364 2417 454 2446 :Itzn‘e
472 2418 506 2446 de
523 2418 689 2452 Antiphone:
708 2422 739 2445 ut
757 2418 824 2446 alias
842 2417 915 2446 :Ita‘n
933 2417 1059 2453 median,
1078 2418 1151 2446 :Iti‘n
1168 2419 1294 2447 tandeim.
