2114 2736
393 220 509 256 Melius
530 221 796 262 distingueretur:
818 223 898 262 quot
917 221 1171 254 commoditates!
1191 221 1274 256 vide.
1297 239 1339 244 —
1360 222 1480 257 Verum
1495 231 1582 256 nune
1600 219 1900 259 minoi-
1924 259 1927 260 ⁷

240 272 353 304 nugae,
375 263 417 297 de
437 264 550 304 quihus
572 274 689 297 vereor
711 275 752 298 ne
766 266 852 298 ultra
873 275 961 305 spem
983 267 1098 299 veniae
1113 267 1256 305 dixerim,
1279 269 1374 306 atque
1397 266 1530 307 primum
1543 265 1607 298 ian
1621 263 1804 297 nonium
1825 263 1930 297 ›it-0
1964 268 1966 270 ’

239 315 322 346 quae
346 311 397 339 est
417 306 554 340 formula
576 308 780 341 antecedens·
795 308 912 341 dietum
935 309 1172 349 admirantium
1196 310 1243 342 cf.¹

393 350 516 382 Phorm.
541 353 600 382 541
630 360 674 390 sq.
705 350 769 385 Ah,
800 350 921 381 dz'ctum
949 351 1097 391 sapienti
1119 353 1173 381 sat
1199 353 1254 382 est.
1283 351 1287 391 Ι
1316 350 1436 382 Itane?
1458 362 1476 384 :t
1499 350 1572 390 Ita„
1603 350 1681 383 itam
1710 350 1796 383 Eun.
1826 351 1909 382 1058
1939 351 1976 382 et

203 395 207 398 '
240 393 359 425 Heaut.
383 394 456 425 887.

392 437 545 469 Similiter
567 441 664 476 atque
686 438 807 477 :quid?=
829 442 1000 478 usurpatur
1021 440 1102 470 haee
1124 439 1240 471 locutio
1498 475 1503 477 ,

391 480 512 511 Phorm.
537 484 597 512 392
626 479 745 509 Itane?
775 489 842 510 non
874 482 905 510 te
933 480 1049 510 horum
1071 480 1200 520 pudet?
1244 481 1350 513 Semel
1381 480 1554 513 Terentius
1583 481 1625 512 ab
1655 480 1716 512 hoc
1745 488 1806 511 usu
1835 478 1975 511 recen-it

238 523 307 554 Hec
340 525 402 554 418
426 526 499 555 =est=
523 523 730 564 aduingendo.
754 540 795 544 —
818 525 934 557 Heaut.
958 527 1021 557 954
1043 534 1088 564 sq.
1112 525 1265 557 traditum
1288 527 1339 556 est
1362 526 1390 556 A
1413 524 1539 555 codice:

708 566 803 596 Itane
824 566 952 596 tandem
974 576 1097 606 quaeso,
1121 566 1318 600 Menedeme,
1342 568 1384 595 ut
1398 567 1498 605 pater

396 607 474 637 Tam
498 607 534 638 in
557 607 648 638 brevi
664 608 768 648 spatio
790 618 914 639 omnem
936 609 976 639 de
997 619 1046 640 me
1067 608 1196 640 eiecerit
1216 608 1364 639 animum
1380 607 1514 648 patras?

390 652 442 683 Sic
466 652 657 691 Wagnerus.
680 668 721 673 —-
748 653 925 685 Reli-‚libri
946 662 1076 692 :quaeso
1100 656 1171 691 est=‚
1195 653 1276 692 quod
1291 653 1341 685 Fl.
1364 652 1496 692 recepit.
1542 651 1607 684 Sed
1625 660 1687 684 non
1709 660 1790 692 opus
1813 650 1973 683 estBon-

236 694 302 725 bini
325 694 546 726 auctoritatem
575 695 762 733 relinquere,
792 706 864 727 nam
887 697 1012 727 videtur
1035 697 1147 734 copula
1175 699 1356 726 ceterorum
1379 696 1538 732 librorum,
1571 697 1608 725 ut
1635 695 1717 726 alias
1743 702 1971 732 nonnunqu-

237 736 282 774 fit,
305 736 447 774 falsario,
479 746 539 768 non
562 737 712 769 Terentio
746 738 870 775 deberi3
902 747 980 770 sane
1004 741 1116 770 contra
1147 747 1246 775 usum,
1276 737 1401 776 qualem
1431 737 1536 768 adhuc
1564 736 1708 774 vidimus,
1739 735 1971 768 Terentianu-

237 781 357 818 pugnat
382 779 534 819 Wagneri
557 780 726 819 scriptura,
750 780 807 812 sed
828 780 935 820 placet
956 780 1200 820 Umpfenbachii
1222 780 1404 812 distinctio:

693 822 789 851 Itane
811 822 940 852 tandem
961 831 1086 861 quaeso,
1111 821 1323 851 Menedeme?
1344 823 1386 851 ut
1399 822 1506 860 pater.

389 864 448 895 Hic
472 864 567 896 etiam
591 864 676 903 :quid
699 865 789 903 sic?=‚
812 866 897 905 =quid
921 865 947 897 si
970 866 1017 897 sie
1025 866 1062 903 ?=‚
1085 865 1171 903 :quid
1194 874 1272 905 ergo
1280 866 1316 900 (ἐς,
1340 865 1426 903 :quid
1443 864 1477 895 id
1492 873 1570 904 ergo
1579 864 1617 902 ?=‚
1641 864 1727 902 =quid
1742 864 1823 903 quod
1839 888 1846 895 .
1864 888 1871 895 .
1888 886 1897 893 .
1913 862 1971 901 .Ρῆ

236 906 321 944 :quid
344 907 402 937 hoe
426 906 507 945 quod
524 931 530 937 .
548 931 555 938 .
572 932 579 938 .
597 908 641 938 .‘?=
664 907 729 939 alia
752 911 1043 940 commemorentur.

388 950 425 981 In
448 950 749 989 interrogationibus
772 951 813 982 ab
835 951 913 982 =ubi=
936 951 1162 990 incipientibus
1184 952 1313 982 verbum
1336 951 1437 982 subst.
1461 950 1607 981 omissum
1630 952 1700 981 est:

388 992 487 1024 Andr.
512 993 571 1024 637
595 990 645 1021 At
664 993 772 1022 tamen
795 991 1006 1032 ‘ubifidess'
1028 991 1063 1022 si
1080 1002 1176 1031 roges,

387 1035 469 1065 Eun.
494 1037 553 1066 780
597 1033 662 1064 Ubi
678 1033 763 1063 alii?
775 1034 801 1075 ι)

386 1078 525 1108 Praeter
547 1078 604 1109 hos
634 1078 720 1109 locos
741 1078 774 1109 in
803 1081 871 1110 toto
895 1078 1047 1110 Terentio
1075 1078 1161 1109 nulla
1193 1079 1258 1109 alia
1280 1078 1487 1110 inveniuntur
1517 1078 1665 1117 exempla
1696 1077 1789 1109 verbi
1811 1077 1913 1110 subst.
1935 1077 1971 1109 in

234 1121 293 1152 hoo
324 1120 606 1159 interrogationum
635 1130 755 1160 genere
788 1120 903 1158 omissi,
933 1121 981 1152 ita
1003 1124 1039 1152 ut
1070 1124 1177 1152 nostro
1209 1121 1276 1152 iure
1309 1120 1451 1152 dieamus
1477 1120 1510 1152 in
1532 1121 1595 1152 hac
1625 1129 1750 1159 quoque
1779 1120 1970 1152 condicione

235 1163 432 1194 omissionem
454 1172 550 1194 =esse:
572 1159 662 1194 verbi
685 1172 704 1194 a
727 1163 923 1195 Terentiana
946 1163 1174 1195 consuetudine
1198 1172 1328 1202 prorsus
1352 1163 1421 1194 fere
1445 1172 1517 1194 esse
1541 1162 1691 1194 alienam.
1737 1162 1819 1194 Nam
1841 1162 1967 1200 videns,

234 1205 378 1242 quotiens
401 1205 496 1235 aliter
518 1208 631 1242 poetae
658 1205 802 1235 libuerit:
848 1206 947 1235 Andr.
972 1208 1032 1235 598
1072 1204 1145 1243 Age
1166 1204 1279 1243 igitur,
1307 1203 1369 1232 ubi
1386 1213 1477 1232 nunc
1497 1205 1548 1233 est
1567 1203 1680 1243 ipsus?
1716 1204 1793 1237 ibid.
1817 1207 1880 1237 607
1907 1201 1969 1235 ωε

234 1244 304 1276 illic
325 1246 395 1278 est?
432 1246 506 1278 item
539 1247 603 1279 ibid
627 1248 701 1281 742;
730 1248 805 1279 ibid.
828 1251 889 1278 965
912 1246 1105 1284 Hzmphilus
1126 1246 1260 1275 ubinam
1288 1246 1341 1275 lzic
1361 1248 1430 1277 est?
1475 1248 1556 1277 Eun.
1582 1249 1642 1276 74⁷
1672 1245 1738 1275 Ubi
1759 1247 1854 1276 east?
1890 1247 1970 1277 ibid.

236 1291 296 1320 754
332 1287 396 1319 Ubi
412 1286 528 1320 sitast?
563 1288 637 1321 ibid.
671 1290 750 1321 1006
774 1287 844 1319 Sed
866 1286 926 1319 ubi
958 1286 1130 1321 obsecrost?
1164 1288 1240 1321 ibid.
1272 1290 1352 1321 1050
1380 1286 1449 1319 Sed
1468 1286 1557 1318 ubist
1572 1287 1713 1328 frater?
1761 1289 1882 1321 Heaut.
1906 1292 1969 1321 256

237 1331 265 1359 O
287 1330 441 1369 Iuppiter,
465 1330 630 1358 ubinamst
649 1331 759 1369 fides?
788 1332 863 1362 ibid.
886 1334 948 1363 430
977 1330 1145 1360 sz'namst
1177 1332 1313 1370 quaeso?
1343 1332 1468 1363 Phorm.
1492 1333 1554 1363 254
1574 1329 1674 1360 Salve
1689 1342 1697 1362 ε
1712 1328 1773 1360 sed
1791 1328 1882 1360 ubit!
1894 1328 1970 1361 An·

234 1372 343 1411 tzpho?
378 1374 452 1405 ibid.
487 1377 547 1405 308
569 1371 716 1411 Antipho
753 1372 815 1402 ubi
835 1382 926 1402 nunc
947 1375 1017 1405 est?
1052 1375 1127 1405 ibid.
1159 1376 1239 1404 1054
1267 1372 1368 1402 Fiat:
1384 1372 1443 1402 sed
1466 1372 1556 1402 ubist
1587 1372 1779 1404 Phaedria?
1814 1374 1877 1406 Ad,
1905 1377 1969 1405 260

233 1415 261 1445 O
282 1415 372 1455 Syre,
401 1414 586 1445 Aeschinus
616 1414 724 1448 ubist?
757 1416 833 1448 ibid.
857 1418 918 1448 265
948 1414 1039 1446 sz'st
1059 1414 1118 1445 ille
1143 1414 1342 1454 sacrilegus?
1392 1416 1468 1448 ibid.
1492 1418 1553 1448 321
1583 1414 1649 1446 Ubi
1677 1415 1770 1447 east?
1805 1416 1881 1449 ibid,
1906 1419 1969 1449 709

237 1457 347 1497 Quid?
369 1457 426 1487 ille
450 1457 537 1487 ubist
550 1457 727 1490 Milesius?
749 1459 825 1491 ibid.
841 1462 903 1491 924
918 1457 1012 1488 Iubet
1021 1458 1163 1499 frater?
1185 1457 1246 1487 ubi
1256 1457 1285 1487 is
1299 1459 1378 1490 est‘2.
1403 1458 1438 1491 Si
1453 1459 1645 1499 scripturam
1660 1459 1736 1491 inde
1754 1468 1775 1490 a
1789 1459 1969 1494 Ritsehelio

234 1502 396 1542 vulgatam
419 1502 691 1541 amplecteremur,
713 1502 773 1533 huc
798 1502 894 1533 etiam
916 1502 1094 1541 pertineret

537 1544 595 1575 Ad.
619 1546 659 1574 82
689 1542 781 1580 Quid
799 1542 905 1572 trtstzs
925 1542 980 1572 es?
1002 1554 1017 1573 z:
1040 1543 1153 1581 Rogas
1174 1542 1245 1572 me?
1267 1542 1328 1572 ubi
1344 1542 1434 1572 nobis
1454 1542 1678 1572 Aeschinus-t?

234 1587 292 1618 sed
315 1586 422 1618 dubito
446 1586 603 1625 amplecti.
627 1586 664 1618 Id
686 1585 819 1624 quidem,
843 1586 925 1625 quod
947 1586 1098 1618 traditum
1123 1589 1188 1618 est:

636 1626 727 1666 Quid
747 1626 850 1657 tristis
871 1627 929 1657 es?
950 1638 967 1660 :2
989 1628 1101 1667 Rogas
1122 1636 1178 1662 me,
1202 1627 1263 1657 ubi
1280 1626 1371 1657 nobis
1391 1626 1577 1657 Aeschinus

629 1669 706 1703 Siet,
730 1669 812 1707 quid
830 1669 937 1698 tristis
958 1680 1014 1708 ego
1036 1669 1121 1698 sim?
1143 1681 1160 1701 1:
1184 1669 1297 1698 Dixin
1320 1670 1377 1698 hoc
1388 1669 1495 1709 fore?

234 1713 319 1745 nullo
342 1715 436 1752 paeto
460 1712 539 1744 ferri
561 1715 667 1752 potest
688 1712 737 1744 his
760 1712 798 1744 de
823 1712 944 1744 causis:
969 1712 1107 1744 Primum
1129 1712 1206 1744 :ubi=
1228 1712 1448 1752 temporaliter
1462 1721 1617 1752 nusquam
1638 1712 1672 1745 id
1686 1713 1861 1754 significat,
1884 1714 1969 1754 quod

234 1757 408 1795 :quamdiu=‚
442 1759 476 1787 ut
508 1756 674 1788 voluerunt
696 1755 980 1794 interpretatores;
1013 1755 1137 1792 deinde.
1162 1756 1239 1787 lieet
1271 1756 1354 1787 idem
1378 1755 1561 1795 significare
1594 1759 1715 1795 posset,
1744 1756 1969 1789 coniunctim

234 1799 317 1830 :siet=
341 1798 560 1838 gravissimam
593 1798 790 1829 offensionem
822 1800 964 1829 moveret
974 1796 1018 1834 2);
1050 1797 1179 1829 tertium
1210 1798 1272 1829 iam
1306 1807 1364 1835 per
1397 1807 1432 1829 se
1465 1798 1547 1829 haec
1578 1798 1739 1830 vetustior
1773 1798 1969 1831 continuativi

234 1841 334 1872 forma
356 1841 388 1871 in
410 1841 470 1871 hac
493 1841 568 1871 sede
590 1848 700 1871 versus
723 1839 847 1870 admitti
869 1839 986 1878 nequit.
995 1837 1024 1878 ³)
1046 1839 1213 1871 Ritschelii
1236 1839 1420 1871 coniectura
1442 1841 1493 1871 est
1505 1837 1548 1877 ⁴):
1572 1838 1684 1879 Rogas
1703 1838 1777 1869 me?
1798 1836 1861 1870 ubi
1876 1837 1970 1870 nobit

234 1881 455 1911 Aeschinust?
473 1880 477 1921 Ι
496 1880 573 1910 Scin
596 1880 668 1914 iam,
692 1880 773 1920 quid
792 1880 898 1909 tristis
919 1889 975 1919 ego
997 1880 1097 1920 sz'm?;
1127 1882 1229 1913 secuti
1252 1884 1326 1913 sunt-
1355 1882 1469 1913 Fleck.
1502 1884 1536 1913 et
1559 1881 1753 1923 Spengeliuz
1763 1880 1803 1923 ε).
1835 1881 1968 1924 Gonr.‘)

234 1929 340 1958 autem
353 1924 525 1965 proposuit:
541 1922 761 1953 Aeschinust?
782 1922 786 1962 1
804 1921 899 1957 Sciet,
912 1922 1011 1963 quid.
1025 1949 1032 1956 .
1047 1937 1071 1963 .;
1086 1925 1261 1957 Dziatzko:
1277 1923 1500 1954 Aeschinust?
1520 1923 1526 1963 Ι
1544 1923 1641 1954 Scies.
1653 1923 1746 1964 Quae
1757 1926 1968 1959 conicum-0

234 1978 341 2000 omnes
364 1969 465 1999 minus
488 1968 618 2007 placent
639 1969 768 2006 propter
795 1967 1083 2007 interrogationem
1116 1967 1180 1999 :ubi
1203 1967 1294 1999 nobis
1328 1966 1570 2006 Aeschinust?=,
1602 1967 1635 1999 in
1657 1977 1720 2007 qua
1742 1968 1818 2007 quid
1850 1969 1968 2001 mobis:

386 2061 408 2092 ¹)
427 2060 469 2087 Sic
488 2060 569 2086 etiam
585 2059 712 2086 Plautus:

536 2093 611 2119 Asin.
645 2092 668 2125 Ι,
686 2094 712 2120 3.
728 2092 763 2118 44
786 2091 836 2118 Ubi
851 2091 935 2123 illaec,
953 2099 1018 2124 quae
1035 2091 1096 2117 dedi
1112 2091 1195 2117 ante?

537 2127 594 2153 Cas.
612 2126 663 2158 ΠΙ,
681 2127 705 2152 2.
725 2127 757 2152 12
781 2125 834 2152 Ubi
851 2128 897 2151 tua
913 2125 1002 2151 uxor?

257 2187 259 2189 ,
537 2161 605 2187 Men.
623 2161 660 2192 ΙΙ,
679 2162 703 2187 2.
738 2162 753 2186 7
772 2160 835 2184 Non
851 2159 934 2185 hercle
950 2167 1009 2184 vero
1028 2170 1043 2186 ::
1067 2159 1116 2185 Ubi
1133 2160 1253 2184 convivae
1271 2159 1371 2185 ceteri?

234 2192 278 2223 ubi
295 2196 421 2236 Ritsehel3
441 2195 503 2222 olim
520 2198 551 2221 ut
569 2195 667 2235 hiatum
685 2194 795 2221 tolleret
813 2198 897 2221 aunt:
914 2198 975 2227 post
993 2194 1060 2221 :ubi=
1073 2195 1232 2227 inserueram
1250 2199 1345 2228 postea
1362 2195 1406 2226 (cf.
1418 2195 1493 2221 Neue
1506 2196 1593 2222 Plaut.
1611 2196 1728 2222 Ειωηο
1746 2195 1760 2221 Ι
1777 2195 1804 2221 8.
1815 2195 1864 2228 80)
1881 2199 1967 2223 :ante

233 2232 323 2258 deleto
342 2229 748 2294 maffssuiivieli‘essawssgimobis
767 2262 913 2288 Aeschinus
931 2262 993 2288 siet:
1011 2271 1065 2288 non
1083 2271 1100 2288 a
1118 2263 1192 2295 :quid
1210 2263 1298 2288 tristis
1317 2271 1367 2296 ego
1385 2263 1463 2289 eiust:
1481 2263 1529 2289 sed
1545 2270 1563 2290 ι
1581 2263 1684 2296 :Roga
1700 2270 1753 2289 met
1771 2264 1933 2297 pendor-t.

384 2297 405 2329 ³)
425 2298 464 2324 De
489 2298 537 2324 hac
554 2304 583 2323 re
608 2296 727 2323 conferas
750 2296 776 2322 C.
795 2297 911 2323 Gom-adt
930 2297 986 2329 „De
1003 2304 1127 2323 versuum
1145 2296 1366 2324 Terentianorum
1384 2296 1534 2324 struatur-,¹¹
1562 2305 1625 2330 pag.
1647 2298 1681 2324 26
1698 2305 1755 2330 sqq,
1782 2300 1813 2324 et
1838 2298 1968 2331 m.

232 2334 249 2359 ¹'
267 2334 283 2359 ¹'
301 2341 363 2365 ΡΨ
382 2333 412 2398 {i
422 2340 501 2392 1336st
519 2348 597 2391 cxx.

385 2400 407 2430 ⁵)
424 2399 476 2424 nisi
494 2399 562 2431 quod
579 2398 622 2423 hic
639 2398 720 2423 verba
738 2398 827 2423 :Dixin
845 2398 895 2423 hoc
912 2398 968 2423 fore
975 2398 998 2423 ?=
1017 2398 1135 2423 Demeae
1148 2398 1249 2423 tribuit.

386 2432 405 2465 ⁶)
423 2432 536 2460 Hermes
553 2431 586 2464 X,
606 2433 655 2459 102
672 2440 711 2465 sq.
