2114 2736
166 219 228 252 isio
249 219 431 252 scribendo:
460 219 567 259 Teque
587 219 706 250 obsecro
728 218 842 254 hercle,
864 220 912 254 ut,
936 227 1020 258 quae
1040 217 1176 251 locutus,
1200 215 1356 255 despuas
1368 217 1494 256 ellipsin
1523 217 1726 249 statuendam
1754 226 1827 249 esse
1848 216 1911 250 uiti

179 262 355 302 persuasit,
378 263 461 295 unde
484 265 591 294 autem
614 266 678 309 tam
701 262 789 294 firme
822 263 883 294 hoc
905 262 967 294 sibi
988 261 1159 302 persuasit,
1181 259 1432 300 quandoquidem
1462 259 1597 300 legimus
1630 259 1747 291 Pseud.
1769 260 1796 297 Ι,
1819 262 1849 291 2.
1871 261 1913 291 89

178 303 238 333 sed
261 312 345 343 quae
375 304 500 343 pacta’s
525 313 592 334 non
617 314 679 334 sczs
703 303 826 334 solvere
852 308 886 336 et
912 306 1007 336 Truc.
1034 304 1077 340 ΙΙ,
1107 307 1136 335 2.
1166 307 1182 334 7
1211 302 1295 331 Eam
1321 300 1451 340 quidem
1477 300 1583 330 hercle
1603 301 1651 334 tu,
1675 309 1759 339 quac
1778 300 1912 334 solita's,

180 345 378 385 comprimel,
402 349 454 378 ubi
469 348 562 378 etiam
581 350 638 379 =-tu
654 357 740 387 pron.
765 348 938 384 antecedit,
961 356 1062 385 neque
1079 349 1187 377 tamen
1210 354 1269 376 ==es
1293 344 1440 375 omissum
1456 344 1529 375 est?
1551 343 1634 375 Vide
1649 352 1741 382 porro
1757 344 1835 375 Hec-
1851 346 1912 375 537

180 387 234 417 De
255 387 316 418 hac
337 397 372 418 re
393 389 480 429 quod
499 388 635 419 locuta’s
657 388 733 419 olim
758 416 764 422 .
790 406 852 423 .—
875 390 968 422 Truc.
992 389 1047 427 IV,
1073 392 1101 421 2.
1127 390 1165 421 33
1195 387 1371 420 Schoellius
1395 386 1556 420 ='=Stultus
1578 385 1692 418 scribit
1714 396 1771 426 pro
1792 385 1913 419 tradito

179 433 343 491 =Stultus!=
371 443 406 464 re
409 437 572 472 pugnante
600 434 726 470 Olseno,
759 437 868 473 utpote
898 442 967 464 cum
995 434 1086 464 Pers.
1115 433 1156 470 ΙΙ,
1186 434 1215 463 4.
1247 434 1285 462 14
1313 430 1363 460 At
1387 438 1456 459 non
1480 438 1555 459 sum
1581 427 1638 462 ita,
1666 429 1708 458 ut
1714 396 1771 458 pta
1793 427 1916 469 patuis

198 472 403 513 ·Confidens
425 487 448 504 .·.·
471 475 552 505 Sum
585 474 688 505 hercle
709 485 782 505 vero
806 478 942 516 legatur,
974 476 1026 508 ubi
1054 476 1177 513 quidem
1209 485 1266 506 :es
1294 474 1380 505 haud
1406 474 1571 512 probabile
1601 473 1701 504 inseri
1723 475 1844 522 posset,
1866 473 1915 503 ita

181 520 216 547 ιι1
239 518 441 549 ςἐΟοιιΐὶᾱειιε
465 519 683 551 scriberemus.
729 521 772 551 At
793 519 922 559 primum
946 518 1112 551 dicendum
1136 520 1187 550 est
1210 518 1293 550 hunc
1315 517 1418 550 locum
1451 525 1512 549 non
1540 524 1613 548 esse
1642 517 1760 555 aptum,
1792 515 1845 554 qui
1871 515 1913 547 ad

181 561 447 598 comparationem
463 565 607 599 vocetur,
631 563 713 600 quia,
737 572 804 592 cum
826 563 999 593 antecedat
1022 562 1230 592 :incubitatus
1247 570 1304 597 es=,
1321 560 1516 592 Confidens=
1522 552 1718 599 slmpliciter
1733 557 1915 598 adplenam

180 602 369 635 locutionem
394 604 539 637 adicitur.
584 586 705 637 Deinde
736 606 873 645 suspicio
896 606 1047 644 quaedam
1083 609 1229 636 movetur
1258 604 1305 635 his
1334 604 1427 635 locis.
1458 604 1509 642 Ep
1511 603 1552 634 id.
1575 603 1600 637 Ι,
1627 605 1653 633 1.
1680 605 1717 632 13
1748 600 1914 640 Scurra's3

181 646 272 676 Most.
304 648 329 681 Ι,
363 650 390 677 3.
424 649 461 678 37
502 647 640 676 Stulta's
664 647 783 687 plane3
825 649 905 680 Eun.
938 649 999 679 655
1038 645 1266 685 Temulenta¹s;
1316 647 1396 678 Hec
1431 614 1678 683 753pLep1da's
1707 647 1768 676 etc.
1823 644 1915 676 Haec

181 687 339 720 sufficiant
352 692 504 728 exempla,
517 691 626 739 quibus
638 692 837 729 perspicuum
849 692 900 728 sit,
917 700 1007 729 quam
1020 691 1105 721 iusta
1117 690 1215 721 fuerit
1227 690 1282 720 illa
1296 689 1461 720 dubitatio.
1498 689 1610 719 Nonne
1628 688 1687 719 hoc
1706 687 1760 719 vel
1780 686 1914 718 maxime

181 730 289 763 mirum
300 734 357 769 est,
371 733 451 770 quod
461 733 621 765 videmus
612 743 643 764 m
654 734 795 765 omnibus
804 733 872 765 fere
883 743 929 765 eis
940 733 1026 770 locis
1037 733 1089 764 ubi
1102 733 1316 781 praedicatum
1327 742 1407 763 voce
1417 742 1449 763 in
1461 741 1572 762 ==—-us
1581 731 1757 762 terminata
1767 729 1914 767 efficitur,

181 774 375 805 omissionem
399 784 459 806 =es=
484 776 572 807 verbi
596 785 666 807 esse
691 776 868 813 admissam,
892 786 953 808 non
977 779 1084 807 autem
1107 784 1179 807 esse
1203 775 1233 806 in
1258 775 1315 809 eis,
1339 775 1400 812 qui,
1425 774 1486 806 nisi
1502 773 1583 812 quod
1599 772 1819 812 praedicatum
1834 781 1915 804 voce

181 816 252 846 fem.
276 818 404 855 generis
428 819 617 853 continetur,
642 819 781 849 eiusdem
805 827 932 856 prorsus
955 821 1133 848 structurae
1149 821 1231 848 sunt.
1277 817 1426 848 Etiamne
1449 817 1482 847 id
1504 816 1588 847 forte
1611 814 1732 846 factum
1746 813 1914 855 putemus?

183 857 249 897 Quo
273 867 421 891 concesso
446 860 518 891 forti
542 860 623 892 haud
648 860 712 891 scio
736 871 776 892 an
801 861 918 899 aliquid
942 861 1073 892 rationis
1096 860 1270 891 tribuamus
1294 863 1453 899 oporteat.
1503 860 1554 890 An
1577 859 1647 897 quis
1671 867 1800 889 causam
1823 858 1915 889 huius

182 900 258 931 facti
283 911 351 933 eam
368 912 439 933 esse
457 903 668 940 contenderit,
692 904 772 942 quod
789 903 924 942 scriptor
938 903 1056 934 idcirco
1073 903 1199 941 saepius
1216 903 1256 934 ad
1273 912 1369 934 voces
1386 902 1418 933 in
1441 918 1493 930 =—
1510 911 1541 933 a:
1565 901 1756 932 terminatas
1772 900 1914 940 copulam

182 944 364 975 adiunxerit
388 946 500 983 partim
524 949 559 976 ut
582 946 698 976 hiatum
730 946 851 977 vitaret
879 946 992 984 partim
1022 948 1057 977 ut
1084 945 1211 984 longam
1242 945 1398 984 syllabam
1423 945 1576 975 efficeret.
1622 945 1668 974 At
1697 952 1768 974 num
1798 951 1914 974 revera

182 986 346 1017 credamus
362 988 421 1017 hac
433 988 563 1025 ratione,
581 988 640 1018 etsi
655 997 723 1019 eam
740 988 770 1019 in
787 988 920 1027 singulis
936 988 1117 1026 quibusdam
1135 988 1213 1019 locis
1226 987 1365 1019 valuisse
1378 987 1528 1019 lubenter
1540 985 1750 1022 concedimus,
1766 984 1913 1016 effectum

182 1037 264 1066 esse,
288 1033 323 1059 ut
345 1030 466 1060 omnino
489 1030 550 1061 iam
575 1031 680 1061 nullus
704 1033 792 1062 esset
807 1030 894 1062 locus
918 1039 976 1062 ποετ
1001 1029 1176 1062 omissionis
1191 1032 1263 1070 post
1279 1029 1499 1069 praedicatum
1522 1029 1555 1061 in
1578 1044 1630 1053 =—
1647 1038 1676 1061 ιι·
1700 1028 1913 1066 terminatum,

183 1074 291 1102 contra
324 1072 475 1103 latissime
505 1076 633 1111 pateret
663 1074 787 1104 omissio
818 1078 889 1112 post
919 1083 1027 1104 vocem
1061 1074 1092 1104 in
1129 1086 1181 1096 τ-
1211 1082 1258 1104 us:
1293 1073 1501 1114 desinentem.
1554 1071 1638 1111 Quid
1671 1071 1753 1110 quod
1786 1070 1912 1102 omnino

181 1114 264 1144 haud
287 1114 503 1152 infrequenter
526 1116 667 1153 copulam
691 1116 763 1146 voci
785 1116 816 1146 in
840 1128 892 1139 =—
917 1125 946 1145 a:
971 1116 1100 1146 exeunti
1124 1116 1302 1146 adiunctam
1326 1115 1479 1151 videmus,
1511 1123 1580 1145 cum
1606 1114 1734 1145 minime
1763 1122 1803 1144 ea
1829 1121 1911 1152 opus

182 1156 287 1193 fuerit,
314 1165 374 1194 qua
403 1156 508 1188 hiatus
532 1157 709 1188 evitaretur
732 1158 783 1189 vel
807 1158 901 1198 longa
924 1158 1050 1197 syllaba
1072 1157 1263 1189 efficeretur.
1303 1157 1451 1189 Ceterum
1474 1157 1535 1189 hoc
1557 1156 1746 1188 monendum
1767 1155 1912 1194 videtum

182 1199 209 1229 si
240 1202 304 1230 tam
332 1199 437 1230 aliena
464 1209 560 1231 causa
588 1203 620 1230 et
649 1200 713 1231 solo
740 1201 843 1231 studio
872 1209 983 1232 versus
1010 1210 1100 1239 quam
1129 1200 1368 1239 elegantissime
1400 1200 1557 1231 condendi
1586 1199 1757 1230 adductum
1782 1201 1912 1238 poetam

184 1241 469 1273 existimaverimus
500 1252 568 1273 mox
596 1243 760 1273 admisisse
789 1252 859 1273 mox
893 1243 1034 1273 omisisse
1059 1243 1190 1274 verbum
1223 1243 1332 1278 substa„
1361 1251 1464 1273 nonne
1487 1242 1550 1273 iam
1572 1242 1675 1272 nubes
1697 1241 1726 1272 is
1746 1245 1782 1272 et
1802 1240 1913 1272 innui·

182 1286 344 1322 captatum
376 1284 410 1323 it,
437 1284 488 1323 qui
517 1285 555 1315 de
586 1285 707 1316 ratione
738 1285 790 1317 vel
819 1285 857 1317 de
890 1285 1015 1325 legibus
1038 1284 1215 1317 omissionis
1238 1283 1383 1325 cogitare
1405 1284 1493 1322 velit,
1516 1283 1631 1324 quippe
1654 1293 1736 1324 quae
1759 1293 1824 1316 nou
1844 1285 1912 1315 tan

181 1327 212 1357 in
241 1327 404 1358 condendo
436 1337 530 1357 versu
562 1328 613 1358 vel
644 1328 676 1358 in
705 1328 798 1358 metri
828 1328 960 1366 pedibus
989 1337 1080 1365 quam
1111 1328 1144 1357 in
1170 1328 1270 1367 ipsius
1300 1328 1483 1359 sent-entiae
1516 1329 1634 1359 natura
1663 1335 1702 1359 ac
1726 1325 1911 1359 condicione

181 1368 364 1408 quaerenda
387 1369 473 1401 sint?
518 1370 564 1401 An
587 1380 645 1408 quo
669 1369 736 1401 iure
759 1370 887 1401 tandem
911 1370 979 1408 quis
1006 1371 1210 1401 contenderit
1239 1371 1271 1400 in
1299 1371 1356 1400 hoc
1380 1370 1484 1401 aliove
1506 1378 1627 1409 genere
1654 1369 1781 1401 dicendi
1807 1368 1912 1409 magis

181 1412 325 1443 minusve
348 1412 448 1443 locum
471 1413 587 1444 habere
610 1412 699 1444 verbi
721 1413 820 1444 subst.
846 1412 1062 1444 omissionem?
1088 1432 1125 1435 —

335 1456 451 1485 Restat
473 1455 537 1485 alia
565 1464 627 1492 res,
657 1456 694 1486 ob
721 1464 812 1493 quam
844 1456 944 1486 minus
966 1455 1130 1493 probabile
1155 1455 1212 1486 fiat
1235 1455 1345 1486 Olseni
1366 1454 1525 1486 iudicium.
1572 1454 1634 1494 Qui
1661 1467 1720 1478 =—
1743 1451 1809 1485 11⁹8:
1832 1452 1912 1486 illud

182 1497 277 1536 vulgo
308 1496 475 1528 admissum
501 1497 678 1536 improbans
704 1497 755 1528 hic
782 1497 848 1528 illic
872 1497 1015 1536 exempla
1040 1497 1183 1534 contulit,
1209 1508 1226 1528 e
1249 1498 1360 1535 quibus
1383 1497 1526 1528 eluceret
1547 1507 1588 1528 ne
1611 1497 1765 1528 usitatam
1785 1496 1911 1535 quidem

181 1539 281 1570 fuisse
303 1539 387 1570 illam
411 1548 547 1570 normam
570 1539 752 1575 collocandi,
781 1548 871 1579 quam
895 1539 1019 1572 vellent
1041 1548 1092 1572 vv.
1116 1540 1166 1571 dd.
1190 1542 1345 1572 statuere.
1390 1540 1458 1571 Iam
1480 1539 1656 1578 videamus,
1677 1541 1829 1578 quantum
1850 1539 1910 1570 boc

182 1586 401 1621 argumentum
427 1583 544 1612 valeat.
581 1600 618 1604 —
653 1583 703 1613 Ad
726 1583 803 1613 Hec.
831 1586 892 1612 825
916 1582 982 1613 Ols.
1011 1583 1092 1613 haec
1114 1582 1254 1620 profert:
1282 1582 1399 1620 „Falso
1422 1582 1505 1613 enim
1526 1582 1705 1622 sripserunt
1725 1580 1849 1621 (Bentl.
1876 1583 1912 1613 et

181 1623 309 1664 Flech.)
333 1624 417 1664 :quid
449 1622 655 1656 exanimatu's
679 1625 809 1656 obsecro
818 1624 859 1656 ?=:
891 1625 976 1656 nulla
1006 1633 1104 1656 causa
1126 1634 1183 1655 nos
1206 1625 1294 1663 cogit
1314 1625 1468 1655 recedere
1491 1634 1512 1655 a
1533 1624 1678 1655 Bembini
1704 1623 1908 1661 suetan-itm,

181 1676 252 1699 nam
269 1676 362 1705 quam
383 1667 434 1698 hic
455 1668 588 1706 praebet
605 1666 767 1698 collocatio
784 1667 950 1698 verborum
967 1667 1108 1698 =obsecro
1124 1677 1171 1699 es=
1188 1670 1238 1699 est
1256 1667 1377 1699 usitata
1391 1676 1493 1706 neque
1511 1667 1665 1698 Terentio
1681 1667 1763 1706 eripi
1777 1665 1908 1698 debet.“

180 1710 254 1740 Jam
285 1713 458 1749 sequuntur
489 1710 520 1741 hi
542 1710 601 1741 loci
629 1710 829 1742 Terentiaui:
859 1709 938 1741 Eun.
969 1712 1028 1741 756
1059 1712 1092 1740 et
1120 1710 1246 1741 Phorm.
1276 1711 1347 1745 742,
1377 1708 1519 1741 Plautini
1548 1708 1596 1742 hi:
1624 1708 1706 1742 Eud.
1730 1708 1769 1749 V,
1796 1711 1826 1742 2,
1853 1711 1909 1748 17;

182 1753 275 1784 Truc.
293 1754 335 1790 II,
353 1757 380 1784 2.
399 1754 456 1789 41;
481 1753 553 1783 ibid.
572 1753 606 1784 V.
621 1755 670 1788 49,
689 1763 727 1782 ex
745 1753 855 1789 quibus
874 1763 951 1782 sane
970 1756 1104 1790 apparet
1123 1757 1156 1782 et
1174 1754 1325 1782 Terentio
1345 1756 1379 1782 et
1396 1754 1509 1783 Plauto
1530 1752 1685 1783 usitatam
1705 1752 1807 1783 fuisse
1822 1751 1908 1783 mc

180 1794 414 1827 collocationem
427 1794 570 1827 =obsecr0
584 1804 639 1832 es=,
654 1794 793 1827 :obsecro
801 1795 872 1832 est=,
886 1803 1013 1834 :quaeso
1026 1803 1084 1833 es=,
1097 1795 1221 1827 :amabo
1235 1797 1310 1834 est=,
1304 1808 1309 1814 ·
1324 1794 1381 1827 sed
1393 1805 1455 1827 non
1466 1794 1547 1827 adeo
1555 1805 1627 1826 eam
1636 1794 1910 1831 usitatamfuiue,

180 1842 216 1867 ut
238 1839 278 1868 de
302 1839 365 1868 alia
389 1839 597 1868 collocatione
621 1839 763 1875 cogitare
786 1846 845 1867 non
868 1838 973 1873 liceat,
1007 1837 1218 1876 unusquisque
1248 1821 1358 1868 sta'tim
1388 1836 1554 1875 concedet,
1578 1837 1635 1869 hos
1660 1836 1688 1869 si
1710 1835 1912 1911 spectaverit

180 1880 282 1912 10608.
316 1880 430 1912 Heaut.
455 1882 514 1911 267
546 1877 637 1917 Quid
661 1879 710 1908 est
736 1877 892 1917 obsecro&
932 1880 1057 1910 Phorm
1082 1880 1143 1910 990
1176 1878 1269 1916 Quid
1296 1878 1379 1907 istuc
1410 1878 1568 1912 turbaest,
1598 1878 1733 1907 obsecro.

180 1925 242 1953 430
271 1921 437 1952 sz'namst
458 1920 593 1959 quaeso?
641 1921 710 1953 Alio
733 1922 809 1958 loco,
840 1923 1004 1961 postquam
1036 1921 1200 1953 condentit
1233 1931 1291 1953 ==es
1325 1921 1416 1954 verbi
1450 1921 1652 1954 omissionem
1675 1921 1910 1954 concedendam

180 1974 252 1996 esse
275 1965 324 1995 his
347 1965 505 1996 versibus:
529 1965 623 1995 Poen.
640 1965 664 2000 Ι,
682 1967 709 1994 2.
727 1967 765 1994 39
792 1962 885 2000 Quid
900 1962 1093 1995 molestus?,-
1115 1964 1188 1995 ibid
1213 1965 1238 2002 Ι
1262 1965 1291 1994 2
1318 1967 1377 1996 122
1394 1961 1477 2003 quid
1490 1961 1578 1994 mihi
1587 1960 1911 2002 molestusobxm&

180 2008 298 2041 Bacch.
313 2007 368 2046 IV,
380 2010 409 2039 8.
422 2009 462 2039 44
478 2004 570 2044 Quid
582 2004 638 2035 z'llz
654 2004 848 2037 molestus&
870 2007 966 2037 Merc
980 2007 1025 2037 IV
1039 2009 1067 2038 4.
1085 2009 1121 2037 27
1147 2005 1238 2044 Quzd
1249 2006 1335 2035 milu
1345 2005 1536 2045 molestus&
1559 2008 1640 2039 haec
1656 2007 1765 2039 affert:
1784 2008 1912 2054 „Atque

180 2050 324 2089 profecto
356 2050 382 2080 si
413 2050 477 2081 illis
506 2049 718 2089 superioribus
748 2049 892 2081 versibus
922 2049 1045 2082 omnino
1073 2059 1132 2082 ==es
1155 2050 1285 2082 verbum
1315 2049 1518 2083 inserendum
1541 2051 1641 2090 esset,
1670 2052 1738 2083 tum
1765 2046 1911 2083 scribere

180 2093 366 2125 deberemus
390 2094 493 2132 potius
515 2093 600 2123 :mihi
624 2102 678 2128 es:
703 2093 761 2123 :illi
785 2101 831 2123 es=
854 2101 946 2131 quam
968 2093 1132 2124 =molestus
1156 2102 1212 2130 es=‚
1235 2093 1316 2131 quod
1339 2093 1371 2124 hi
1397 2093 1459 2125 loci
1480 2093 1720 2125 demonstrant:
1743 2093 1829 2125 Heu.
1852 2092 1910 2131 IV,

180 2140 207 2167 2.
233 2138 272 2166 60
296 2133 386 2164 Num
410 2133 495 2164 mz‘lu'
512 2143 544 2164 es
567 2133 653 2163 irata
675 2132 808 2163 saltem?
831 2135 909 2180 Cap..
919 2135 979 2173 ΙΙΙ,
1005 2137 1032 2166 5.
1047 2138 1086 2167 57
1116 2132 1208 2173 Quor
1228 2144 1302 2173 ergo
1326 2133 1434 2165 iratus
1455 2132 1543 2164 mz'ln
1559 2133 1615 2165 es?
1635 2136 1753 2168 Pseud
1776 2135 1802 2174 Ι,
1829 2136 1855 2167 1.
1871 2137 1913 2185 28

179 2177 308 2207 odiosus
330 2177 416 2207 mt‘lzz
433 2187 466 2207 es
499 2178 573 2217 Cap.
590 2178 631 2214 ΙΙ,
653 2180 677 2208 l.
703 2181 741 2208 28
766 2176 853 2206 Nam
875 2186 903 2205 st
926 2185 1003 2206 erus
1025 2178 1061 2206 tu
1084 2176 1170 2206 mz'hz
1187 2187 1219 2206 es
1242 2179 1337 2216 atque
1358 2187 1413 2216 ego
1435 2187 1501 2207 esse
1523 2187 1571 2207 mc
1592 2179 1690 2208 tuum
1712 2176 1796 2211 eoest‘

179 2230 266 2258 vero,
290 2221 370 2259 quod
393 2221 527 2260 legimus
550 2221 647 2252 Poen
672 2221 696 2258 Ι,
723 2223 748 2252 1.
777 2223 813 2251 10
838 2219 939 2249 Nunc
966 2219 1053 2249 mz'ln·
1079 2219 1285 2249 blandidicus
1306 2229 1339 2249 es
1373 2222 1491 2252 Bacch
1514 2222 1540 2253 1
1565 2225 1594 2252 2.
1619 2224 1660 2253 54
1690 2229 1736 2250 an
1763 2221 1802 2250 tu
1830 2219 1918 2250 mli

178 2271 281 2292 servos
302 2261 360 2291 es?
393 2265 484 2302 Capt.
500 2264 542 2300 ΙΙ,
560 2266 588 2294 3.
605 2264 644 2293 84
668 2263 705 2290 tu
728 2260 813 2290 mzln
830 2270 920 2291 nunc
940 2271 1017 2291 erus
1042 2272 1075 2291 es
1098 2266 1159 2295 etc.
1184 2267 1245 2295 etc.
1270 2280 1310 2283 —-
1357 2264 1408 2295 Ad
1430 2265 1551 2296 Pacuv.
1575 2273 1606 2297 v.
1630 2267 1703 2302 327,
1724 2264 1779 2297 ubi
1799 2272 1916 2305 repre-

179 2306 297 2341 hendit,
326 2306 407 2345 quod
430 2306 520 2338 Ribb
544 2303 673 2337 =’=ausus
704 2315 759 2344 pro
791 2305 910 2337 madito
934 2315 1053 2337 ==ausus
1084 2306 1180 2337 scribi
1213 2307 1291 2343 vult,
1324 2307 1390 2338 Ols.
1413 2307 1495 2338 haec
1517 2307 1652 2339 asserit:
1696 2307 1835 2346 „Verum
1861 2307 1917 2347 qui

178 2349 314 2380 nondum
336 2348 396 2380 sibi
419 2348 588 2388 persuasit,
618 2348 650 2379 in
673 2347 732 2380 tali
756 2347 920 2380 enuntiato
943 2357 1062 2381 :zausus
1087 2348 1167 2389 perf.
1193 2349 1265 2381 sine
1289 2358 1348 2381 ==es
1379 2359 1398 2381 a
1427 2354 1525 2390 poeta
1550 2359 1625 2383 esse
1647 2350 1810 2399 scriptum,
1833 2359 1862 2382 u
1882 2349 1917 2382 id

178 2392 299 2429 credet,
330 2392 358 2422 si
380 2392 548 2428 audiverit,
580 2392 728 2430 quomodo
753 2400 787 2422 se
810 2392 953 2423 habeant
976 2391 1033 2423 illa
1058 2392 1212 2432 exempla,
1238 2392 1350 2431 quibus
1373 2401 1432 2425 :ese
1454 2392 1608 2426 traditum
1629 2395 1688 2432 est,
1710 2392 1786 2433 quin
1807 2391 1917 2426 verni

180 2436 230 2466 est
252 2434 477 2468 necessarium.
515 2434 596 2468 Sunt
618 2437 724 2467 autem
747 2434 956 2467 collocatione
980 2444 1027 2466 :es
1052 2444 1160 2468 ausus:
1184 2436 1328 2468 adhibita
1351 2436 1446 2469 haec:
1471 2436 1562 2476 Gapt.
1587 2437 1648 2476 III,
1672 2440 1701 2469 ὅ.
1724 2439 1765 2469 46
1792 2434 1865 2467 Cur
1883 2443 1918 2464 cs
