2114 2736
349 166 475 199 Eadem
496 166 596 208 igitur
617 167 670 199 hic
691 167 817 200 ratione
841 167 1008 199 adiectivis
1038 167 1091 199 vel
1120 166 1297 207 participiis
1320 166 1389 198 sine
1418 166 1518 197 verbo
1541 165 1641 199 subst·
1664 144 1939 205 unmtuxl‚1)*.m
1955 188 1964 205 ³5

195 209 278 240 alias
300 210 386 249 apud
410 210 568 249 proprium
596 211 727 241 verbum
754 219 811 249 pro
839 210 928 241 finito
954 210 1043 241 modo
1066 210 1239 240 infinitivus
1268 208 1448 245 adhibetur,
1478 207 1531 244 qui
1561 206 1643 237 male
1675 207 1732 238 inf.
1755 204 1964 244 absolutam-1
1985 218 1990 221 “

195 260 328 291 prorsus
349 251 433 283 falso
454 251 511 283 inf.
527 252 699 283 historicus
722 251 911 291 appellatur.
954 252 1043 291 Quod
1059 260 1115 282 nos
1137 252 1253 282 docent
1275 250 1416 290 inprimis
1437 249 1522 281 tales
1538 248 1606 284 loci,
1631 248 1746 285 quibus
1767 247 1932 281 adiectiva

195 293 249 325 vel
272 294 444 334 participia
467 294 535 325 sine
559 294 673 334 copula
695 294 785 325 iuxta
807 294 994 326 infinitivum
1018 294 1136 332 proprii
1158 293 1249 325 verbi
1272 294 1409 326 exstant,
1433 292 1523 323 velut

196 336 257 368 Ad.
283 338 325 368 44
348 344 415 375 sqq.
1137 333 1196 363 Ille
1216 335 1326 363 contra
1348 333 1426 362 haec
1447 331 1556 361 omnia

506 377 604 407 Ruri
618 386 712 417 agere
734 376 832 405 vitam
857 388 863 407 z
886 379 1007 416 semper
1021 379 1119 415 parce
1140 386 1178 406 ac
1199 375 1328 406 duriter

507 421 550 450 Se
571 420 683 449 habere
704 431 711 449 :
735 428 867 448 uxorem
890 418 989 448 duxit
1010 429 1016 448 z
1040 418 1204 458 natifilii

506 462 600 496 Duo:
624 462 701 492 inde
722 472 777 502 ego
799 461 888 492 hunc
909 462 1060 491 maiorem
1083 461 1241 501 adoptavi
1258 459 1376 500 mzhiss)

353 516 422 547 Huc
446 515 541 547 etiam
564 514 703 554 pertinet
726 514 806 545 alius
830 513 927 551 locus,
952 513 978 544 si
1000 516 1091 544 recte
1114 513 1204 544 libris
1227 512 1403 549 exhibetur,
1428 512 1525 543 Andr.
1550 515 1589 543 63
1614 519 1681 549 sqq.

510 555 591 585 Cum
614 554 729 594 quibus
751 556 825 583 erat
845 563 999 593 quomque
1020 563 1099 588 una,
1123 553 1168 583 ezir
1189 562 1256 583 sese
1278 553 1391 583 dedere

505 598 626 627 Eorum
648 596 780 636 obsequi
797 596 916 625 studiis
939 608 945 626 :
969 596 1126 625 advorsus
1149 596 1279 625 nemini
1297 607 1303 625 ε

505 640 685 679 Nunquam
703 642 908 678 praeponens
929 648 962 668 se
983 638 1050 667 dlis
1073 650 1078 669 :
1104 638 1150 667 ita
1174 640 1213 667 ut
1223 637 1402 678 facillume

503 682 585 711 Sine
607 681 734 710 invidia
756 680 886 710 laudem
910 680 1061 709 invenias
1082 682 1114 709 et
1135 680 1251 709 amicos
1267 679 1402 720 ῥᾶγας-,3)

352 736 388 765 In
411 735 460 764 his
484 736 517 764 et
539 733 698 772 prioribus
721 733 798 763 locis
822 733 934 771 copula
957 732 1073 763 omissa
1096 732 1219 769 quidem
1243 735 1302 770 est,
1335 732 1391 764 sed
1423 736 1597 765 excusatur
1624 733 1749 765 omissio
1772 733 1843 771 ipsa
1866 742 1931 765 ser-

198 777 295 808 monis
320 780 443 808 natura.
488 777 532 807 At
554 785 594 806 ne
617 779 722 806 mente
746 775 868 813 quidem
892 775 1033 812 suppleri
1056 776 1153 805 debet
1176 777 1303 806 verbum
1328 777 1428 805 subst.
1453 777 1513 806 hoc
1536 777 1619 806 loco:

198 819 297 851 Andr,
322 822 382 850 358
406 828 472 858 sqq.
502 815 675 846 Redeunti
692 815 817 846 interea
840 825 881 845 ex
901 815 971 855 ipsa
994 825 1027 845 re
1048 815 1134 845 milti
1152 815 1270 846 incidit
1292 815 1440 856 :suspitio
1464 816 1554 852 ‘hem

502 858 686 888 Paululum
710 858 823 887 obsoni
842 872 848 890 ;
873 858 965 897 ipsus
987 858 1093 887 tristis
1117 872 1122 891 :
1147 858 1184 888 de
1206 858 1376 899 improviso
1399 859 1535 899 nuptiae
1558 871 1565 891 ε

501 901 577 931 Non
600 901 801 934 cohaerent'‚=
1540 904 1542 906 ’

348 955 419 987 Etsi
451 956 615 986 structura
637 954 760 993 quidem
791 954 1016 993 sententiaque
1040 955 1203 986 verborum
1235 956 1274 986 ad
1299 955 1468 994 :paululum
1493 956 1615 987 obsoni=
1640 959 1674 987 et
1695 957 1795 995 :ipsus
1817 956 1932 988 tristis:

195 998 272 1029 licet
295 1001 369 1029 :est=
392 998 550 1036 supplere,
575 1000 682 1028 tamen
705 1001 741 1027 ut
764 1000 859 1027 :suntz
891 998 932 1027 ad
955 998 1006 1028 :de
1029 997 1198 1035 improviso
1227 998 1368 1036 nuptiae:
1390 999 1540 1037 suppleas
1563 999 1601 1029 ob
1632 999 1825 1030 sententiam
1848 999 1933 1030 nullo

195 1044 290 1079 pacto
313 1041 381 1071 fieri
404 1043 525 1079 potest;
548 1040 609 1070 iam
627 1041 685 1070 hoc
703 1040 826 1078 signum
850 1042 901 1070 est
923 1040 1001 1070 nihil
1026 1048 1156 1078 usquam
1173 1040 1377 1079 supplendum
1401 1049 1489 1076 esse3
1513 1041 1602 1071 immo
1626 1041 1729 1072 istaec
1746 1044 1821 1072 sunt
1836 1042 1934 1073 verba

198 1092 303 1114 secum
327 1082 517 1121 reputantis,
542 1082 596 1121 qui
619 1082 745 1120 singula
775 1086 941 1113 enumerat
964 1085 997 1112 et
1021 1083 1061 1112 ad
1085 1082 1116 1113 id
1140 1083 1284 1120 procedit
1312 1083 1459 1114 iudicium
1489 1093 1563 1115 rnon
1588 1085 1785 1115 cohaerent=.
1833 1085 1933 1124 Quam

197 1129 273 1164 apta
297 1126 340 1156 sit
362 1126 443 1156 haec
466 1125 549 1156 ratio
574 1125 699 1155 dicendi
723 1134 829 1155 secum
852 1124 1084 1163 reputantibus,
1109 1125 1204 1155 docet
1227 1125 1322 1155 etiam
1345 1127 1462 1156 Heaut.
1488 1127 1549 1156 635
1573 1135 1639 1164 sqq.

1127 1165 1349 1205 mteremptam
1371 1166 1523 1206 oportuit,

505 1209 582 1237 Non
605 1207 764 1237 simulare
786 1210 918 1236 mortem
942 1207 1051 1241 verbis,
1076 1217 1110 1236 re
1132 1208 1201 1247 ipsa
1224 1211 1308 1247 spem
1332 1208 1419 1238 ‘trt‘t‘ae
1441 1209 1528 1239 dare.

505 1250 555 1280 At
577 1250 613 1280 id
632 1250 744 1280 omitto
768 1265 774 1282 :
799 1249 1029 1283 misericordia,
1054 1250 1186 1279 animus
1208 1254 1377 1280 maternus
1400 1266 1406 1284 :
1430 1253 1510 1284 sino,

199 1294 262 1331 ubi,
287 1295 312 1325 si
336 1294 409 1331 quid
432 1294 580 1333 supplere
603 1293 661 1333 vis,
695 1294 733 1324 de
757 1296 802 1324 :te
825 1293 1028 1332 impulerunt:
1053 1293 1255 1333 cogitandum
1279 1298 1337 1325 est.
1384 1296 1496 1332 Itaque
1528 1296 1665 1327 fortasse
1697 1305 1765 1327 cum
1789 1296 1933 1328 Bentleio

198 1336 322 1368 Phorm.
342 1339 402 1367 293
416 1344 482 1375 sqq.
1121 1334 1223 1364 Mitto
1246 1336 1363 1368 omnia,

507 1378 562 1406 Do
585 1377 667 1406 istuc
689 1377 891 1416 ‘imprudens
914 1377 1027 1406 timuit
1048 1377 1242 1406 adulescens'
1266 1389 1272 1407 :
1295 1378 1367 1407 sino

509 1425 517 1435 ‘
529 1419 578 1449 Tu
601 1420 721 1448 servos'
747 1432 752 1451 :
776 1428 887 1448 verum
906 1419 939 1448 sz'
957 1421 1126 1458 cognatas!
1145 1428 1297 1449 maxume

353 1556 373 1587 ¹)
392 1560 419 1582 et
443 1564 626 1588 nonnunquam
646 1563 728 1581 resse:
748 1556 820 1581 verbi
839 1556 936 1581 formas
961 1556 1002 1581 vel
1024 1556 1069 1581 ubi
1095 1564 1146 1581 non
1172 1557 1297 1583 habemus
1322 1558 1438 1590 copulam
1467 1559 1514 1584 sed
1540 1559 1675 1591 proprium
1699 1559 1807 1585 verbum
1826 1560 1937 1586 omissas

199 1591 319 1617 videmus
338 1591 413 1616 velut
430 1591 512 1616 Andr.
531 1591 589 1622 356,
607 1590 657 1615 Ad.
676 1592 708 1614 96
727 1590 771 1615 all.

353 1636 376 1668 2)
395 1637 520 1669 Quamvis
539 1644 590 1662 non
611 1636 647 1662 sit
666 1643 791 1662 conexum
804 1644 860 1661 cum
880 1637 928 1662 hac
946 1636 1102 1668 quaestione
1123 1638 1379 1664 commemoraverim
1398 1646 1422 1665 v.
1440 1640 1474 1664 44
1490 1639 1653 1671 Wagnerum
1674 1645 1701 1665 et
1719 1641 1822 1673 Speng..
1842 1640 1936 1673 quibus

197 1672 256 1698 Dzi.
275 1672 465 1704 adstipulatur,
490 1674 581 1697 contra
605 1671 804 1696 Fleckeisenum
823 1674 885 1702 post
904 1670 1012 1695 :omniaz
1037 1671 1144 1701 gravius
1165 1671 1342 1697 distinctionis
1366 1673 1470 1704 signum
1492 1674 1622 1705 posuisse,
1648 1673 1716 1705 qnod
1736 1679 1848 1700 :conti-a:
1867 1676 1935 1707 apud

196 1705 353 1732 Terentium
372 1712 476 1737 semper
494 1704 650 1730 adverbium
670 1707 756 1735 esset3
775 1703 865 1736 itaque
885 1705 918 1729 ad
938 1708 1051 1729 :contraz
1072 1709 1159 1730 mente
1179 1706 1351 1737 supplendum
1371 1714 1429 1731 esse
1448 1708 1553 1732 verbum
1573 1708 1673 1739 agendi
1699 1712 1829 1735 statuunt.
1856 1709 1935 1741 Equi-

197 1740 257 1765 dem
277 1739 371 1765 dubito
391 1746 447 1764 cum
467 1739 521 1764 illis
540 1739 628 1764 facere
647 1741 755 1770 propter
773 1738 881 1762 similem
901 1738 985 1763 locum
1005 1738 1107 1763 Phorm.
1126 1740 1176 1763 520
1194 1747 1249 1770 sqq.

592 1771 651 1804 qu
670 1774 693 1796 te
710 1771 849 1803 compluris
867 1771 1002 1795 advorsum
1021 1771 1151 1803 ingenium
1169 1780 1250 1796 meum
1268 1774 1361 1797 mensis
1380 1773 1435 1802 tuli,

591 1805 782 1830 Pollice‘taneem
802 1808 825 1830 et
842 1805 881 1829 nil
897 1805 1027 1835 ferentem,
1041 1804 1163 1836 flentem:
1180 1814 1248 1830 nunc
1264 1809 1354 1831 contra
1372 1808 1459 1832 omnia
1476 1808 1538 1833 haec

591 1839 704 1871 Repperi
722 1840 768 1870 qui
785 1839 825 1864 det
844 1846 922 1870 neque
940 1839 1084 1863 lacrumat:
1101 1839 1135 1863 da
1154 1839 1235 1864 locum
1255 1840 1408 1867 meliorilms.

351 1875 408 1907 Quo
427 1875 485 1900 loco
505 1882 538 1899 ne
558 1878 669 1899 econtra:
690 1881 734 1905 pro
753 1873 878 1899 adverbio
896 1873 1011 1905 positum
1031 1880 1091 1898 esse
1111 1874 1243 1906 ducamus,
1261 1875 1392 1907 prohibet,
1412 1877 1500 1908 credo,
1521 1877 1578 1909 ipsa
1596 1877 1647 1903 loci
1667 1878 1814 1909 sententia;
1833 1887 1893 1904 nam
1912 1879 1935 1904 si

196 1909 305 1935 verbum
324 1908 424 1942 agendi
444 1908 619 1941 supplendum
639 1912 722 1939 esset,
742 1907 838 1933 :omnia
856 1908 931 1933 haee:
950 1907 983 1933 ad
1004 1907 1142 1939 sequentia
1161 1908 1332 1940 pertinerent,
1352 1910 1377 1935 id
1398 1910 1469 1943 qnod
1488 1912 1559 1937 nullo
1582 1913 1660 1938 modo
1678 1912 1736 1938 fieri
1755 1917 1853 1945 petest,
1878 1921 1935 1939 cum

194 1944 232 1969 nil
251 1943 303 1968 nisi
323 1943 441 1976 :repperi
460 1942 503 1975 qui
523 1943 571 1968 det
588 1950 675 1974 neque
695 1943 832 1967 lacrumet=
850 1942 1040 1973 subsequutum
1059 1945 1087 1966 at
1106 1942 1203 1974 optime
1222 1943 1267 1969 illa
1286 1944 1366 1969 verba
1385 1950 1441 1970 eum
1461 1946 1677 1971 antecedentibus
1695 1950 1876 1972 conectuntur.

350 1989 370 2022 ³)
388 1989 456 2015 Sane
476 1988 569 2015 insunt
587 1988 689 2021 aliquot
709 1988 876 2019 offensiones,
896 1988 989 2020 quibus
1009 1988 1136 2014 adductus
1155 1989 1250 2020 Bentl.,
1269 1998 1342 2022 quem
1368 1991 1407 2017 Fl.
1426 1996 1533 2018 secutus
1554 1996 1604 2025 est,
1627 1993 1727 2019 falsarii
1751 2002 1853 2019 manum
1880 2002 1936 2020 sus-

192 2024 298 2057 picatus
318 2024 358 2049 ita
375 2023 459 2049 locum
479 2024 632 2049 coustituit:
746 2022 847 2047 Eorum
865 2022 960 2047 studiis
978 2022 1080 2053 obsequi
1099 2022 1231 2054 [adversus
1249 2025 1361 2049 nemini:

744 2056 887 2088 Nunquam
901 2063 1062 2088 praeponens
1079 2063 1105 2080 se
1122 2056 1186 2089 illis]
1207 2058 1246 2083 ita
1265 2057 1313 2091 lut]
1327 2059 1471 2090 fam'llwne.
1495 2077 1526 2080 —

348 2092 509 2124 Spengelius
527 2092 643 2117 servatis
663 2092 714 2116 illis
734 2091 832 2122 verbis,
852 2098 919 2122 quae
938 2091 1026 2115 Bentl.
1045 2091 1135 2122 spuria
1153 2099 1213 2116 esse
1228 2093 1318 2122 voluit,
1338 2093 1372 2118 ob
1390 2099 1560 2127 anapaestum
1580 2096 1699 2121 :studiisz
1719 2096 1744 2121 in
1763 2096 1846 2122 tertio
1869 2097 1935 2129 pede

192 2126 292 2153 senarii
310 2126 351 2152 ita
369 2126 492 2159 scripsit:
517 2124 620 2150 Eorum
637 2124 742 2156 obsequi
758 2123 855 2155 studio,
877 2131 929 2149 esse
946 2123 1071 2149 advorsus
1092 2125 1188 2149 nemini
1195 2132 1217 2157 :3
1245 2127 1292 2152 sed
1310 2127 1378 2153 haud
1397 2128 1450 2154 scio
1473 2137 1514 2156 an.
1542 2129 1563 2154 si
1584 2138 1665 2156 :essa
1685 2130 1845 2162 inducamus,
1865 2138 1935 2157 :esne

193 2161 335 2187 advorsum
354 2160 461 2193 nemini,
486 2167 618 2192 nunquam
643 2163 853 2192 praeponentem
871 2166 899 2185 se
919 2159 982 2184 illis:
1008 2158 1123 2184 scribere
1151 2159 1296 2193 debeamus,
1322 2162 1388 2194 quod
1407 2163 1496 2189 versui
1519 2163 1676 2190 incommodo
1695 2169 1746 2192 est.
1777 2165 1936 2199 Quocunque

191 2195 269 2221 modo
287 2202 330 2221 res
349 2202 379 2221 se
398 2194 487 2227 habet,
515 2210 547 2214 —
566 2194 671 2226 reliqna
697 2201 765 2219 nuuc
783 2202 836 2219 non
863 2201 933 2224 curo,
961 2201 994 2219 ne
1013 2193 1116 2224 longius
1144 2202 1159 2219 a
1178 2202 1206 2220 re
1224 2196 1287 2221 mihi
1306 2197 1443 2228 proposita
1461 2198 1580 2223 aberrem
1599 2214 1631 2217 —
1659 2200 1707 2224 hoc
1725 2207 1803 2225 unum
1831 2200 1936 2232 quidem

191 2232 294 2255 certum
314 2232 365 2255 est.
384 2229 412 2254 iu
430 2236 470 2260 eo,
490 2229 560 2260 quod
579 2228 622 2254 vel
641 2228 752 2253 maxime
772 2227 925 2253 Bentleium
944 2230 975 2252 ut
994 2226 1072 2251 verba
1089 2226 1136 2251 illa
1154 2227 1252 2254 inclusa
1270 2229 1412 2256 subditicia
1438 2231 1570 2258 iudicaret
1588 2232 1731 2259 adduxisse
1757 2233 1873 2264 videtur,
1897 2234 1937 2260 nil

192 2270 253 2290 esse
272 2262 439 2289 offensionis
464 2262 532 2288 Nam
557 2262 628 2294 quod
653 2261 719 2287 dicit
741 2261 838 2287 vitiose
858 2262 972 2287 transire
993 2260 1140 2286 orationem
1159 2262 1191 2286 ab
1218 2263 1358 2289 infinitivis
1382 2265 1416 2289 ad
1435 2265 1575 2296 adiectiva,
1593 2267 1771 2293 conferendus
1797 2270 1840 2293 est
1863 2268 1936 2294 locus

186 2304 275 2330 supra
293 2297 419 2323 laudatus
437 2296 488 2323 Ad.
506 2297 541 2322 44
559 2304 632 2329 sqq.;
652 2299 681 2321 et
699 2295 740 2321 eui
759 2295 802 2321 hic
820 2296 902 2328 locus.
922 2295 983 2328 qnia
1001 2302 1054 2320 non
1073 2301 1180 2326 prorsus
1200 2300 1241 2322 est
1260 2296 1361 2331 similis,
1379 2306 1430 2324 non
1447 2300 1614 2332 persuaserit
1631 2301 1659 2327 in
1677 2301 1725 2328 tali
1744 2309 1773 2328 re
1791 2302 1857 2328 nihil
1876 2310 1937 2328 esse

196 2331 366 2363 offensionis,
384 2331 409 2357 is
427 2331 545 2357 fortasse
564 2331 695 2357 concedet
713 2338 766 2356 uon
784 2330 871 2356 minus
889 2330 1005 2356 notabile
1029 2336 1087 2354 esse
1106 2329 1265 2357 adiectivum
1285 2339 1333 2357 om.
1352 2333 1444 2364 copula
1467 2333 1539 2360 inter
1561 2335 1643 2361 verba
1662 2335 1739 2362 finita
1760 2336 1938 2363 intermissum

195 2365 272 2393 velut
289 2365 336 2392 ino
356 2365 476 2392 Andriae
494 2365 568 2391 loco:
590 2363 706 2390 Curabat
724 2371 778 2389 una
791 2363 888 2396 sunus:
908 2364 991 2389 tristis
1008 2362 1120 2393 interim,
1136 2363 1140 2396 Ι
1154 2363 1348 2397 Nonnunquam
1366 2365 1581 2395 mulnet-amabat.
