2114 2736
1001 75 1101 110 XXII

175 177 349 216 Praeteriti
369 179 525 220 temporis
546 180 678 212 verbum
700 180 908 220 supplendum
937 189 1019 218 esse,
1051 180 1090 211 de
1120 187 1183 217 qua
1204 188 1240 211 re
1261 178 1347 211 haud
1369 176 1586 211 verisimiliter
1614 175 1801 217 cogitatur·
1821 164 1920 209 inno
1942 189 1949 203 l

175 220 188 254 i
269 220 389 255 :dareta
411 221 633 255 coniunctivus
661 221 872 255 firmissimum
906 225 958 255 est
980 221 1136 260 indicium,
1171 229 1231 260 quo
1263 220 1530 257 verba,=Stultus‚
1552 227 1606 257 qm
1627 218 1672 251 h.
1687 219 1729 251 in.
1750 197 1916 251 diret...'s
1975 223 1977 266 ᾗ
2001 238 2024 270 ¹-
2057 219 2075 264 ,ᾗ

177 264 342 296 artissime
364 273 434 296 cnm
457 265 723 296 antecedentibus
745 266 941 305 praedicatis
963 265 1059 296 :misit
1082 283 1121 288 ——
1145 265 1233 296 dedit
1253 279 1296 284 —
1318 264 1410 295 dixit:
1433 263 1606 295 cohaerere
1626 268 1731 299 neque
1744 260 1914 299 quicqum

177 315 252 340 esse
273 307 420 341 omissum
443 317 682 348 cognoscamus.
705 307 841 346 Deinde,
873 309 954 345 quod
978 307 1043 340 Ols.
1067 310 1174 340 monet
1196 307 1228 339 in
1252 307 1393 339 omnibus
1423 305 1486 338 illis
1509 302 1802 338 ennuntiationibus
1830 302 1915 336 rela-
1972 317 1975 320 r

177 349 264 389 tivis,
288 350 316 382 si
339 350 423 383 desit
446 350 477 383 in
499 350 651 389 primaria
673 350 837 383 sententia
859 360 960 389 =sum=,
984 351 1114 383 verbum
1135 350 1169 382 in
1192 349 1392 382 coniunctivo
1416 348 1551 389 positum
1567 356 1649 388 esse,
1676 354 1746 379 cum
1760 348 1916 384 sequatur

177 393 383 431 indicativus,
417 393 444 424 si
474 402 568 424 =sum=
592 393 788 430 exhibeatur,
815 394 875 424 hoc
898 403 938 425 ex
961 402 1024 425 una
1047 395 1169 424 tantum
1191 396 1283 430 parte
1307 401 1417 424 verum
1439 394 1508 430 est;
1537 391 1642 422 altera
1665 394 1819 438 exparte
1842 397 1915 420 con-

179 435 258 468 cidit
278 436 361 468 haec
384 436 576 473 observatio,
599 445 668 467 cum
691 435 833 467 videmus
863 439 896 467 et
917 436 1065 467 Plautum
1094 439 1128 467 et
1151 435 1346 473 Terentium,
1370 434 1496 466 etiamsi
1519 441 1587 470 cop.
1610 432 1644 464 in
1667 431 1821 477 primaria
1843 440 1914 463 sen-

177 478 284 510 tentia
304 478 408 516 posita
441 481 501 515 est,
535 481 642 509 tamen
674 477 906 509 coniunctivum
929 485 1126 515 nequaquam
1158 476 1323 517 aspernari
1351 476 1441 508 velut
1462 476 1581 507 Heaut.
1611 477 1690 506 1011
1714 472 1850 519 Ῐηξᾳιιω·
1871 481 1913 507 es,

178 518 291 559 qui—
300 518 456 559 postules.
492 521 585 551 Truc.
608 520 663 556 IV,
688 523 716 550 2.
744 523 780 550 17
804 518 941 549 Stultus
962 529 1003 552 es,
1038 518 1100 557 qui
1117 535 1157 540 --
1177 517 1330 557 postules.
1355 518 1447 550 Cure.
1463 518 1519 555 IV,
1545 521 1572 549 3.
1600 520 1637 548 19
1654 514 1801 546 Stulttor
1811 514 1914 545 stulto

176 561 286 596 fusis-ti,
316 560 378 602 qui
394 578 436 583 —
458 561 608 592 crederes,
633 564 694 593 etc.
751 562 855 601 Quare
888 562 1107 594 coniunctivus
1136 562 1225 593 =sies=
1252 561 1306 592 illo
1334 561 1403 592 loco
1434 561 1493 593 Ad.
1518 563 1579 592 852
1607 559 1693 592 haud
1715 559 1763 591 ita
1791 558 1914 591 firmum

175 608 226 637 est
248 607 477 645 argumentum,
502 612 541 636 ex
564 612 624 641 quo
641 604 784 641 copulam
807 604 839 636 in
853 604 1005 641 primaria
1020 604 1185 636 sententia
1207 604 1353 635 omissam
1370 612 1441 635 esse
1465 605 1657 637 statuamus3
1680 602 1790 638 itaque
1806 601 1913 633 nescio

175 657 216 679 an
239 651 346 679 nostro
368 647 436 679 iure
458 646 608 678 facillima
631 646 683 678 vel
706 646 811 683 potius
833 647 921 678 nulla
943 646 1117 678 mutatione
1140 646 1189 677 usi
1211 644 1428 677 =f0rtunatu's=
1452 645 1637 677 scribamus.
1662 644 1753 685 Quod
1775 644 1839 676 Ols.

327 690 452 722 Phorm.
478 691 538 720 170
559 688 692 721 Beatus,
716 687 759 716 nz'
776 697 882 717 unum
905 687 996 722 desit,
1020 687 1161 722 animus,
1185 687 1248 727 qui
1265 686 1402 717 modeste
1423 686 1521 717 istaec
1532 686 1641 727 ferat.

175 732 319 763 similiter
341 740 414 763 esse
437 734 651 770 comparatum
666 732 842 770 exemplum
865 731 1019 763 iudicavit
1035 734 1130 768 atque
1145 732 1229 762 hunc
1246 731 1460 768 Adelphorum
1483 731 1594 768 locum,
1618 729 1750 769 egregie
1772 729 1912 767 erravit;

175 774 293 806 etenim
327 774 450 806 omnino
480 781 650 811 perperam
678 773 841 805 intellexit
873 774 983 812 locum,
1017 783 1087 806 cum
1109 773 1243 805 ioculari
1267 782 1376 805 errore
1402 774 1547 806 ⁵Beatus=
1571 776 1606 805 et
1636 772 1781 804 :animus=
1813 772 1913 804 verba

175 817 393 856 coniungeret.
418 816 557 856 copulae
580 819 684 847 autem
706 816 841 847 omissae
863 817 913 847 hic
936 825 1050 847 versus
1067 820 1156 847 certe
1171 825 1231 847 nou
1248 818 1299 847 est
1314 816 1502 853 exemplum,
1520 816 1602 852 quod
1618 816 1764 846 :Beatus=
1779 814 1913 851 perinde

173 867 211 889 ac
234 858 288 890 illo
312 859 381 889 loco
404 859 494 889 Pers.
517 858 559 894 II,
583 859 611 888 3.
636 859 654 887 9
677 858 829 889 :Stultus=
852 867 920 889 cum
944 868 992 894 ea,
1028 867 1109 897 quae
1133 858 1307 895 antecedit,
1332 857 1552 889 enuntiatione
1583 857 1614 888 in
1637 857 1760 888 modum
1790 856 1913 895 apposi-

172 900 268 932 tionis
291 900 459 938 cohaeret;
482 899 565 937 quod
587 899 815 940 intellegentes
837 900 918 932 idem
942 900 1003 933 viri
1026 900 1087 938 dd„
1112 900 1164 938 qui
1187 900 1247 932 Ad.
1271 902 1332 932 852
1357 900 1575 932 =fortunatu’s·
1597 899 1807 937 scripserunt,
1830 899 1912 931 hunc

173 943 297 980 quidem
319 943 420 975 locum
443 952 507 974 non
529 945 738 982 temptavere.
764 961 803 966 —-

323 987 461 1018 Restant
483 986 544 1016 duo
566 985 637 1023 loci,
667 985 719 1021 qui
742 985 791 1016 hic
825 986 980 1016 afferendi
1004 989 1085 1022 sunt,
1109 987 1170 1017 Ad.
1195 988 1255 1017 540
1280 989 1313 1017 et
1346 987 1418 1016 960.
1441 985 1554 1017 Priore
1583 986 1652 1016 loco
1675 985 1827 1016 traditum
1851 988 1912 1016 est:

324 1026 376 1057 Ne
396 1035 452 1066 ego
474 1025 563 1057 homo
584 1034 657 1055 sum
680 1025 820 1066 infelix:
858 1028 1000 1066 primum
1012 1028 1163 1067 fratrem
1185 1027 1345 1066 misquam
1368 1025 1499 1057 invenio
1517 1025 1668 1066 gentium
1676 1038 1687 1056 .-

172 1071 218 1104 ita
241 1074 277 1103 ut
299 1079 412 1104 versus
441 1070 535 1102 iamb.
562 1070 743 1103 octonarius
773 1070 824 1102 sit.
849 1071 1002 1111 Quoniam
1034 1074 1139 1103 autem
1163 1081 1214 1104 vv.
1238 1071 1291 1103 dd.
1313 1071 1387 1103 inde
1411 1081 1430 1103 a
1453 1070 1600 1103 Bentleio
1623 1080 1692 1103 eum
1708 1070 1841 1109 perinde
1864 1073 1912 1103 at-

173 1122 234 1151 que
268 1115 499 1153 subsequentes
520 1122 634 1145 versus
666 1114 766 1144 troch.
791 1114 1005 1151 septenarium
1036 1124 1108 1147 esse
1136 1115 1314 1152 voluerunt,
1347 1115 1460 1151 partim
1490 1123 1560 1145 cum
1593 1114 1647 1145 illo
1680 1123 1771 1146 =sum=
1795 1114 1911 1153 partim

173 1165 242 1189 cum
265 1156 304 1188 G.
327 1156 510 1188 Hermanno
533 1155 687 1193 =primum=
710 1156 908 1188 deleverunt.
920 1155 946 1195 1)
976 1157 1009 1188 Si
1025 1158 1065 1188 ab
1078 1157 1156 1195 ipsis
1172 1157 1281 1189 verbis
1297 1156 1533 1194 proficiscimur,
1551 1166 1591 1188 ne
1608 1156 1764 1188 minimam
1785 1156 1911 1196 quidem

173 1208 286 1231 versus
308 1201 415 1230 movet
437 1198 651 1236 offensionem3
685 1198 775 1229 immo
798 1199 953 1238 =primum:
987 1200 1067 1231 adeo
1088 1209 1165 1234 ,non
1197 1200 1362 1231 molestum
1394 1200 1448 1231 vel
1472 1199 1665 1237 superfluum
1698 1199 1837 1236 videtur,
1867 1202 1911 1237 ut,

173 1242 248 1281 quia
270 1241 415 1280 sequitur
437 1242 606 1272 :Praetera
629 1243 747 1272 autem:
778 1242 863 1273 haud
892 1242 988 1274 facile
1011 1252 1194 1279 careamus3
1230 1252 1321 1274 =sum=
1345 1246 1452 1273 autem
1475 1243 1599 1279 copula,
1632 1242 1694 1273 etsi
1722 1252 1780 1281 per
1802 1251 1846 1277 se,
1877 1246 1913 1274 ut

173 1284 318 1317 vidimus,
342 1292 426 1323 =ego=
449 1283 628 1320 pronomine
653 1283 759 1315 addito
782 1283 896 1316 deesse
919 1288 1035 1322 posset,
1059 1284 1135 1316 item
1158 1285 1243 1316 haud
1265 1284 1362 1316 facile
1386 1293 1530 1316 caremus
1557 1284 1595 1316 ob
1625 1291 1755 1322 prorsus
1778 1283 1911 1316 similem

173 1327 276 1357 locum
300 1326 416 1357 Heaut.
440 1327 501 1356 825
525 1325 578 1354 Ne
599 1334 654 1363 ego
677 1324 768 1354 homo
790 1334 863 1354 sum
874 1326 1083 1365 fortunatus
1112 1328 1144 1358 in
1168 1328 1280 1358 eadem
1303 1336 1415 1358 versus
1439 1327 1515 1358 sede
1540 1327 1722 1364 exhibitum,
1753 1326 1794 1358 ad
1821 1335 1911 1366 quem

176 1368 277 1400 addas
300 1368 396 1399 etiam
419 1369 530 1407 Amph.
553 1369 579 1405 Ι,
606 1371 631 1398 l.
653 1371 709 1399 169
734 1367 787 1396 Ne
808 1377 863 1406 ego
886 1368 977 1397 homo
993 1368 1118 1408 infelix
1129 1369 1201 1409 fui.
1226 1371 1345 1401 Versus
1367 1370 1466 1409 igitur
1489 1370 1624 1401 exomni
1645 1372 1739 1409 parte
1755 1377 1912 1406 persanus

176 1413 237 1449 est,
259 1411 308 1443 ita
330 1413 374 1446 ut,
396 1410 457 1443 nisi
479 1410 687 1450 gravissimae
717 1411 874 1443 accedunt
902 1412 1056 1445 metricae
1080 1412 1288 1450 suspiciones,
1320 1412 1488 1449 unicuique
1511 1411 1679 1444 mutationi
1701 1412 1755 1444 vel
1776 1411 1911 1444 maxime

176 1453 381 1486 diffidendum
411 1453 461 1485 sit.
493 1454 599 1493 Atque
632 1454 716 1485 haud
750 1454 815 1485 scio
852 1464 893 1486 an
922 1455 1040 1487 iniuria
1076 1455 1217 1487 homines
1254 1455 1304 1487 dd.
1336 1455 1532 1487 octonarium
1562 1464 1689 1487 versum
1718 1455 1910 1493 respuerint.

175 1496 320 1536 Namque
343 1496 484 1536 primum,
512 1497 539 1528 si
569 1497 600 1527 in
632 1497 734 1528 medio
762 1497 887 1529 cantico
919 1507 999 1529 unus
1027 1501 1086 1529 oct.
1112 1499 1205 1529 iamb.
1229 1498 1444 1538 praemittitur
1470 1498 1572 1529 troch.
1600 1497 1794 1538 septenariis
1823 1498 1914 1530 velut

174 1539 300 1572 Phorm.
324 1542 402 1578 492;
425 1540 506 1571 Hec.
530 1542 606 1577 5213
629 1540 690 1572 Ad.
705 1542 773 1570 294.
800 1543 872 1578 320,
896 1550 957 1572 uon
974 1541 1075 1578 video,
1099 1549 1197 1578 quare
1214 1551 1276 1572 non
1293 1541 1388 1573 etiam
1411 1540 1536 1572 facilius
1559 1540 1591 1572 id
1606 1540 1639 1572 in
1659 1541 1759 1578 ipsius
1774 1550 1912 1573 scaenae

175 1586 210 1614 et
233 1582 352 1614 cantici
374 1581 465 1613 initio
489 1584 681 1620 excusetur;
705 1584 848 1614 ceterum
871 1583 968 1614 Andr.
993 1584 1053 1614 227
1079 1592 1198 1615 scaeua
1221 1592 1282 1615 uno
1306 1584 1398 1615 iamb.
1422 1585 1482 1615 oct.
1508 1583 1705 1615 concluditur
1731 1586 1764 1615 et
1787 1584 1912 1615 Phorm.

174 1625 248 1662 485,
272 1624 334 1656 uisi
357 1625 440 1664 quod
462 1625 626 1656 antecedit
659 1624 847 1656 brevissima
880 1625 1044 1657 trochaica
1068 1626 1211 1657 clausula
1233 1625 1406 1663 -u-V,
1430 1635 1551 1657 scaena
1573 1626 1612 1657 ab
1640 1634 1701 1657 uno
1733 1626 1826 1657 iamb.
1850 1629 1912 1657 oct.

138 1699 141 1700 γ
173 1666 330 1705 incipiens
362 1668 460 1699 troch.
495 1666 688 1704 septenariis
722 1666 944 1706 continuatur3
982 1668 1119 1707 adiunge
1153 1668 1249 1699 etiam
1283 1668 1341 1699 Ad.
1365 1671 1435 1703 958,
1469 1668 1522 1699 ubi
1555 1668 1743 1700 novissimus
1774 1677 1912 1700 scaenae

173 1719 288 1742 versus
310 1711 439 1741 constat
462 1719 503 1741 ex
524 1709 626 1749 prima
647 1712 742 1747 parte
765 1709 857 1741 iamb.
882 1710 1046 1747 octonarii,
1071 1710 1159 1741 cuius
1182 1712 1222 1741 ab
1246 1711 1350 1742 altera
1373 1713 1465 1750 parte
1487 1709 1599 1747 incipit
1618 1710 1760 1747 proxima
1783 1720 1911 1749 scaena,

173 1761 244 1784 cum
267 1751 379 1784 statim
403 1755 579 1791 sequantur
601 1752 702 1783 troch.
725 1752 913 1791 septenarii.
938 1752 1028 1792 Quae
1053 1762 1121 1784 cum
1144 1752 1191 1784 ita
1214 1762 1249 1784 se
1273 1754 1424 1790 habeant,
1456 1762 1582 1784 versum
1604 1762 1665 1784 non
1695 1754 1912 1791 temptandum

172 1794 392 1826 indicaverim.
417 1794 567 1826 Ceterum
590 1794 683 1828 video
708 1794 804 1826 etiam
829 1794 1032 1834 Spengelium
1055 1804 1181 1826 versum
1204 1796 1259 1833 ita,
1283 1799 1318 1826 ut
1339 1795 1478 1826 traditus
1501 1798 1561 1832 est,
1585 1804 1716 1826 servare
1745 1796 1805 1827 hac
1827 1805 1912 1827 men-

172 1846 249 1869 sura
272 1835 325 1865 Ne
346 1844 403 1875 ego
425 1834 517 1866 homo
541 1845 614 1865 sum
638 1834 760 1876 infelix
775 1858 781 1864 .
796 1858 802 1864 .
817 1858 834 1874 .,
858 1837 897 1868 de
920 1846 981 1876 qua
1004 1847 1064 1868 non
1087 1838 1291 1869 dubitandum
1315 1840 1374 1869 est.
1399 1854 1438 1858 -—
1462 1838 1570 1869 Altero
1591 1837 1660 1869 loco
1683 1841 1803 1870 exstat:

742 1877 771 1908 O
793 1880 904 1908 noster
923 1879 1054 1912 Demea,
1077 1878 1187 1918 edepol
1207 1879 1260 1908 vz'r
1280 1879 1399 1908 bonu’s.

171 1923 209 1955 In
233 1921 389 1954 Bembino
411 1921 444 1953 in
467 1921 611 1961 margine
635 1925 797 1954 servatum
822 1924 873 1953 est
895 1920 977 1961 =(bo)
993 1922 1102 1958 NUC=;
1125 1923 1221 1954 etiam
1244 1921 1339 1955 G¹FP
1363 1932 1421 1954 =es=
1445 1932 1502 1954 om.

171 1966 259 1997 Ante
296 1965 449 1996 Olsenum
486 1973 578 1996 nemo
615 1965 655 1995 de
679 1974 738 1996 =es=
776 1964 973 1996 admittendo
1011 1965 1179 2003 dubitavit,
1218 1968 1252 1997 et
1284 1968 1374 1996 recte
1408 1964 1540 2002 quidem.
1574 1966 1703 1998 Etenim
1736 1966 1797 1998 iam
1831 1967 1910 1999 satis

170 2007 308 2040 vidimus
329 2007 363 2039 in
385 2007 444 2039 tali
468 2007 733 2039 exclamationum
765 2016 886 2047 genere
911 2007 1097 2039 Terentium
1127 2008 1207 2040 adeo
1230 2018 1290 2040 non
1314 2008 1416 2040 solere
1439 2008 1582 2045 copulam
1608 2008 1764 2047 omittere,
1792 2012 1828 2041 ut
1849 2010 1911 2042 iam

169 2058 230 2088 per
252 2059 288 2082 se
314 2050 401 2081 haud
432 2050 485 2081 diu
515 2050 656 2081 dubitem
690 2050 822 2088 copulae
853 2050 984 2081 formam
1007 2057 1118 2081 contra
1142 2051 1291 2082 Olsenum
1323 2051 1417 2082 tueri.
1441 2051 1551 2090 Neque
1585 2051 1678 2083 deest
1701 2052 1795 2088 aliud,
1829 2054 1911 2092 quod

169 2092 243 2124 hnic
265 2092 386 2124 rationi
408 2091 531 2124 faveat.
557 2092 632 2123 Cum
656 2093 738 2123 enim
762 2092 1050 2129 comparaverimus
1073 2092 1165 2131 Epid.
1189 2094 1214 2129 Ι,
1241 2096 1267 2124 1.
1292 2095 1331 2124 68
1364 2092 1448 2125 Heu,
1480 2090 1590 2131 edepol
1617 2102 1667 2121 res
1695 2092 1909 2123 turbulentas.

169 2135 269 2167 Poen.
291 2134 336 2173 II,
360 2136 390 2166 2.
414 2135 455 2166 26
484 2133 569 2168 Heu,
592 2132 705 2173 edepol
733 2132 886 2163 mortales
907 2133 1013 2163 malos.
1036 2134 1152 2166 Pseud.
1183 2135 1207 2173 Ι,
1233 2138 1261 2167 5.
1288 2136 1346 2166 104
1375 2132 1501 2173 Edepol
1521 2133 1685 2165 mortalem
1709 2134 1909 2176 graphicum.

169 2178 229 2210 Ad.
255 2179 316 2209 783
339 2175 468 2216 Edepol
487 2175 754 2206 commissatorem
777 2176 871 2206 haud
893 2185 973 2206 sane
1001 2177 1205 2206 commodum.
1231 2181 1303 2216 etc„
1332 2179 1448 2216 elucet,
1479 2178 1506 2209 si
1537 2179 1704 2211 Terentius
1727 2180 1827 2212 verba
1856 2180 1911 2212 illa

169 2220 298 2261 sedepol
321 2220 373 2252 vir
394 2218 531 2258 bonu’s=,
555 2228 637 2257 quae
661 2220 800 2260 speciem
822 2223 947 2251 tantum
971 2221 1091 2251 habent
1122 2221 1373 2258 exclamationis
1397 2230 1455 2252 om.
1485 2222 1598 2258 copula
1620 2232 1729 2254 veram
1758 2223 1912 2255 voluisset

169 2272 243 2295 esse
266 2262 539 2301 exclamationem,
562 2262 703 2295 futurum
725 2263 834 2300 fuisse,
857 2265 893 2294 ut
915 2272 977 2294 non
999 2263 1224 2295 nominativum
1247 2264 1303 2295 sed
1326 2263 1545 2295 accusativum
1568 2273 1675 2296 casum
1697 2273 1818 2302 ponens
1841 2266 1909 2298 sine

168 2315 189 2339 a
210 2305 440 2346 pellatione=O
463 2308 574 2338 noster
588 2305 723 2338 Demea=
747 2305 905 2338 scriberet
926 2305 1053 2345 :edepol
1076 2305 1177 2338 virum
1199 2306 1339 2338 bonum!=
1363 2305 1410 2338 Cf.
1427 2305 1523 2338 etiam
1537 2306 1618 2339 Eun.
1638 2310 1697 2339 311
1721 2307 1793 2337 Hoc
1807 2306 1912 2338 hercle

185 2348 345 2382 adum-tt„
370 2350 485 2380 contra
506 2348 583 2380 ibid.
606 2350 669 2380 254
691 2346 820 2377 Scitum
841 2346 945 2376 hercle
966 2346 1149 2376 hominem!
1170 2349 1317 2387 Denique
1340 2349 1505 2380 videamus

253 2409 256 2412 ⁴
478 2391 558 2423 Hec.
583 2392 644 2422 503
668 2390 746 2419 Ecce
767 2391 876 2419 autem
900 2391 936 2418 tu
959 2398 1082 2428 quoque
1098 2392 1248 2429 proterve
1270 2389 1452 2420 iracundus
1473 2399 1514 2420 es.

325 2440 347 2474 ¹)
365 2440 404 2468 ot.
423 2434 504 2468 {ti—am
522 2440 597 2468 Conr.
614 2441 632 2468 1.
650 2441 668 2468 1.
686 2448 748 2475 pag.
767 2441 810 2469 6⁷.
