2114 2736
549 191 572 220 o
596 189 661 214 ιιοιι
689 145 906 216 desideratur
918 182 978 215 sed
998 178 1223 216 molestissima
1243 180 1331 213 foret
1352 148 1446 213 verbi
1474 162 1593 213 subst-
1600 151 1757 213 M
1772 175 1840 214 Β

397 215 556 257 ἕᾙθιιιὲ.
568 226 633 256 430
659 219 829 259 meamst
847 224 985 263 quaeso?
1007 225 1025 257 ξς
1047 223 1155 264 Apud
1172 233 1222 254 me
1242 222 1338 253 domi.
1360 221 1441 255 Hoc.
1463 225 1527 255 2⁷2
1551 220 1838 253 camisiae

384 264 522 305 quidem,
545 266 586 295 ut
605 264 744 299 videtur
772 266 834 299 Ad.
858 268 918 299 528
942 265 1081 298 Nzhdne
1106 265 1144 297 in
1166 263 1397 296 mentem-ff:
1425 263 1611 304 Nunquam
1631 271 1811 304 qam
1833 267 1898 298 ete·
1922 271 1966 287 -‘-
2071 310 2095 318 „-

206 278 280 341 'sAd
301 309 539 349 responsionum
562 308 753 341 brevitatem
774 309 940 350 peitinent
961 310 1058 341 etiam
1080 310 1182 347 Andr
1206 312 1266 341 349
1291 318 1337 349 sq

663 350 705 381 Id
717 353 825 390 paves,
848 360 891 381 ne
912 351 1013 381 ducas
1034 354 1070 382 tu
1093 351 1202 382 ellam:
1224 353 1262 381 tu
1285 352 1403 385 autem,
1427 351 1469 380 ut
1488 348 1597 380 ducas.
1621 361 1641 383 ::

634 393 753 424 :Lvtuc
773 393 888 433 iprum.

1664 349 1867 380 Rcmtenes.

429 434 503 469 ibid.
528 439 567 469 28
591 444 636 474 sq.
1298 435 1436 466 Dictum
1452 436 1563 475 puta:

662 479 785 518 Nempe
806 481 847 508 ut
866 481 1025 509 curentur
1045 482 1126 509 recte
1147 479 1232 509 llaec.
1256 490 1274 509 :z
1297 479 1401 508 Immo
1425 478 1530 511 aliud.

427 523 507 553 Eun·
529 525 588 553 907
613 532 659 593 sq.
660 563 702 593 Id
720 563 835 602 ipsum·
1223 521 1330 561 Quam
1352 520 1388 550 ob
1411 530 1477 550 rem
1499 520 1654 550 tandem?
1675 529 1721 549 an
1742 519 1823 560 μία
1838 518 1966 560 pudet?

426 607 549 639 Phorm.
574 611 634 639 238
658 606 810 637 Etiamne
832 606 869 636 z'd
886 606 939 637 lex
960 607 1082 647 coegit?
1105 619 1121 640 ::
1145 606 1238 637 Illud
1258 605 1388 637 durum.

225 650 299 681 Cum
323 650 372 681 his
396 651 546 689 exemplis
570 651 727 682 commode
751 655 952 690 eomparatur

426 693 508 724 Eun
525 696 584 724 361
601 691 710 725 Ettne,
727 693 767 721 ut
785 691 905 727 fertur,
919 692 1093 731 forma?:
1097 692 1241 725 :Sanan
1258 692 1318 721 Ad
1330 691 1421 722 nihil
1434 691 1482 721 ad
1492 693 1637 721 nostram
1651 691 1772 722 hanczz
1800 690 1885 722 Ala
1899 701 1959 722 res

223 735 276 766 ubi
297 744 359 766 non
381 736 468 767 modo
491 735 635 767 Bembim'
656 735 718 767 fide
741 738 843 767 caret
854 738 939 774 e=s=t,
974 737 1057 773 quod
1079 737 1148 768 rell
1172 737 1205 768 11.
1228 719 1301 776 post
1323 745 1402 768 ==res
1425 736 1587 773 exhibent,
1619 735 1677 767 sed
1708 735 1806 768 etiam
1829 735 1961 768 concisa

223 777 399 809 minutatim
421 778 644 817 respondentis
667 778 812 809 oratione
836 761 1022 810 excluditur.
1035 777 1061 817 ²)
1085 779 1196 818 Longe
1221 779 1284 823 alia
1305 782 1413 810 tamen
1437 781 1489 809 est
1511 787 1564 810 res

424 820 506 851 Eun
531 822 590 850 268
614 817 746 851 Rivalis
767 829 905 851 servom,-
926 819 1019 848 salva
1042 830 1091 849 res
1113 822 1167 852 est.
1191 819 1349 849 nimirum
1371 819 1517 849 homines
1535 818 1676 858 fngent.

1249 870 1307 896 HIS

374 904 427 936 Sic
448 904 599 936 tiaditum
622 907 682 942 est,
712 904 773 936 uisi
796 905 878 942 quod
901 906 929 936 A
951 905 1049 936 habet
1080 905 1267 937 NIMIRUM
1297 905 1503 943 KOMINES,
1538 911 1595 938 ms
1622 905 1695 937 add.
1726 914 1747 936 a
1775 904 1957 937 reconem

221 956 323 985 manu,
345 951 382 979 ut
404 956 443 978 ex
466 947 627 987 aspiratae
651 948 752 979 forma
774 947 889 979 elucet.
912 947 1019 979 Bentl.
1043 947 1103 979 del.
1127 950 1200 979 :est-
1223 948 1270 979 ita
1286 948 1488 979 scribendum
1510 948 1672 988 proposuit
1692 947 1799 980 :salva
1819 955 1886 979 ret.
1909 946 1958 979 ni-

220 990 329 1020 mirum
350 990 420 1020 hice
442 989 508 1029 (Fl.
532 988 636 1028 hisce)
658 989 798 1020 homines
821 990 964 1028 frigent:
1008 990 1072 1021 Sed
1094 1000 1155 1021 non
1178 991 1339 1021 assentiar
1361 990 1424 1022 viri
1446 990 1621 1021 doctissimi
1643 990 1860 1022 coniecturae.
1903 989 1958 1023 ΙΙ·

221 1032 328 1071 primis
351 1032 433 1064 enim
455 1032 487 1064 in
509 1032 570 1064 hac
592 1031 726 1064 formula
748 1034 814 1063 tam
836 1031 942 1064 firmus
970 1034 1020 1063 est
1041 1042 1117 1064 usus
1140 1032 1305 1064 addendae
1329 1042 1408 1071 cop„
1432 1034 1468 1065 ut
1489 1032 1552 1065 iam
1571 1042 1632 1073 per
1661 1042 1698 1065 se
1725 1031 1813 1065 haud

220 1074 327 1106 biliter
349 1077 423 1106 =est=
453 1074 626 1106 omittatur
628 1073 656 1114 ³)
689 1073 810 1106 Deinde
839 1075 924 1106 haud
947 1075 1011 1106 scio
1034 1083 1075 1106 an
1097 1077 1208 1106 contra
1239 1078 1341 1106 artem
1365 1075 1596 1107 Terentianum
1626 1075 1744 1107 :hisces
1772 1074 1896 1108 verni
1909 1074 1958 1107 in-

221 1118 373 1154 calcetur,
396 1117 512 1156 quippe
535 1126 603 1148 cum
625 1117 657 1148 in
681 1126 729 1154 εο,
753 1117 806 1155 qui
827 1117 966 1165 proxime
991 1118 1203 1155 subsequitur,
1226 1127 1322 1149 versu
1346 1118 1433 1148 aliud
1448 1117 1563 1149 :hisw
1578 1117 1764 1149 inambulet.
1802 1116 1956 1151 con-uo

220 1161 325 1191 autem
346 1159 395 1190 bis
418 1159 476 1191 hoc
497 1168 667 1198 pronomen
690 1168 762 1190 esse
784 1158 929 1197 positum,
952 1158 1000 1190 ita
1021 1162 1057 1190 ut
1078 1160 1234 1191 Parmeno
1257 1162 1468 1198 contemptum
1489 1159 1627 1199 parasiti
1656 1159 1851 1196 initum,
1879 1158 1955 1194 ideo

219 1209 280 1232 nou
303 1201 408 1238 credo,
432 1201 515 1238 quod
540 1203 673 1240 uterque
696 1201 744 1231 ita
765 1200 913 1237 loquitur
936 1203 972 1231 ut
994 1203 1108 1232 neuter
1130 1201 1262 1232 alten'us
1284 1202 1385 1233 verba
1408 1201 1576 1240 exaudiat;
1599 1203 1698 1239 atque
1720 1200 1820 1233 fallor
1833 1210 1878 1234 ιι
1891 1201 1956 1234 hnc

219 1243 343 1274 ratione
366 1243 466 1275 locum
489 1253 643 1274 exornare
666 1243 879 1292 interpolator
901 1243 948 1273 sui
971 1243 1094 1283 negotii
1116 1244 1252 1275 duxerit.
1291 1243 1397 1275 Servii
1412 1246 1519 1275 autem
1533 1241 1956 1285 testimonim‘)1¹nepon-

218 1286 311 1317 derat
334 1286 511 1317 auctoritas
533 1285 662 1323 Donati,
692 1286 754 1323 qui,
785 1294 853 1317 cum
882 1286 1014 1317 alterum
1043 1286 1165 1317 demum
1193 1286 1306 1317 hisce=
1331 1290 1479 1325 exponat,
1509 1286 1617 1325 priore
1645 1286 1716 1318 loco
1746 1286 1863 1319 thineo·
1889 1294 1955 1319 m

218 1327 308 1367 legit.
354 1328 444 1367 Quod
467 1327 494 1359 si
515 1327 551 1359 B.
575 1327 714 1365 offendit,
745 1327 827 1377 quod
850 1330 926 1359 =est=
948 1330 1075 1359 retento
1097 1327 1262 1359 :nimirum=
1284 1328 1553 1368 pronuntiandum
1575 1330 1674 1367 essct,
1697 1336 1769 1361 cun
1789 1330 1827 1361 et
1846 1327 1898 1362 ΡΙ.
1918 1329 1956 1361 οἱ

219 1369 291 1401 Ter.
315 1379 437 1419 semper
460 1370 541 1401 alias
564 1369 715 1401 efferrent
736 1369 912 1407 =nimirum=,
935 1370 1044 1401 dubito
1066 1379 1107 1400 an
1136 1370 1185 1401 vir
1214 1379 1349 1401 summus
1381 1379 1422 1401 ex
1452 1379 1488 1401 re
1518 1370 1656 1402 fortuita
1682 1371 1791 1411 legen
1817 1370 1955 1410 foetu-223

219 1421 290 1443 nam
315 1412 437 1444 omnino
462 1412 545 1452 apud
566 1412 715 1444 Plautum
739 1414 773 1444 et
795 1412 978 1444 Terentium
1001 1412 1033 1443 hi
1055 1415 1124 1443 tres
1146 1414 1271 1444 tantum
1294 1412 1356 1444 loci
1377 1412 1593 1451 inveniuntur,
1618 1411 1731 1452 qm‘bus
1752 1412 1843 1446 niun
1862 1412 1955 1447 uh-

216 1453 320 1494 legem
343 1454 564 1494 promulgavit,
587 1454 659 1486 Aul.
671 1454 714 1491 II,
731 1457 758 1485 7.
772 1457 827 1492 23ς
850 1454 931 1485 Ειιιι.
956 1455 1017 1485 508
1041 1456 1074 1485 et
1091 1455 1152 1486 714
1174 1457 1208 1485 et
1230 1461 1414 1493 unoquoque
1435 1454 1505 1486 loco
1528 1455 1699 1487 =nimirum=
1721 1454 1954 1490 main-ffl-

217 1506 363 1528 versuum
386 1497 586 1527 iambicorum
609 1497 743 1536 positum
766 1499 833 1533 est;
864 1499 1012 1533 ceterum,
1041 1497 1068 1527 si
1089 1497 1151 1527 iam
1174 1507 1230 1536 per
1253 1507 1288 1527 se
1310 1498 1343 1528 in
1365 1497 1422 1527 illa
1443 1497 1707 1536 pronuntiatione
1727 1496 1954 1532 umid-

219 1542 314 1577 esset,
345 1539 540 1571 minueretur
567 1538 697 1571 offensio
719 1538 830 1570 ultima
852 1548 910 1578 per
932 1538 1096 1571 elisionem
1118 1538 1341 1571 delitescente.
1387 1539 1486 1583 Atqui
1514 1539 1543 1572 si
1571 1542 1681 1572 tamen
1709 1539 1782 1579 quis
1802 1537 1954 1574 BQ

218 1582 415 1614 assentiatur
435 1582 467 1613 in
491 1590 538 1619 eo,
562 1582 642 1630 quod
664 1582 777 1613 :hisw
792 1581 989 1613 inserendum
1013 1581 1147 1619 censuit,
1170 1582 1372 1614 nihilominus
1395 1590 1493 1614 causa
1504 1591 1568 1615 ιιοιι
1584 1583 1688 1621 adest,
1703 1582 1952 1617 caramuele-

218 1632 315 1656 amus
360 1624 454 1656 Licet
476 1624 558 1656 enim
580 1623 628 1655 sic
649 1623 869 1664 pronuntiare:

411 1672 540 1705 Rivdlzk
560 1683 700 1703 servom:
722 1672 821 1704 Sdlva
843 1675 916 1703 rest.
940 1672 1118 1704 nimirum
1140 1673 1224 1703 lusce
1246 1674 1283 1714 (s
1308 1673 1390 1713 hz'ce)
1412 1673 1561 1704 homines
1571 1674 1716 1715 frigent.
1728 1674 1757 1716 ⁶)
1803 1691 1808 1696 -

217 1718 277 1749 Hic
300 1718 396 1749 etiam
419 1717 571 1749 afferatur

443 1759 561 1791 Heaut.
585 1762 645 1790 662
668 1757 795 1788 Nomen
815 1757 965 1788 mulieru-
986 1756 1057 1787 cedo
1078 1757 1160 1797 qutd
1178 1757 1230 1792 stt,
1255 1760 1296 1788 ut
1315 1760 1498 1797 quaeratur
1520 1770 1538 1791 :-
1559 1757 1715 1789 Phtltera.
1718 1758 1747 1799 ⁸)

216 1803 267 1834 Ad
291 1802 456 1834 :Philtera=
478 1801 683 1842 supplendum
705 1810 778 1834 esse
800 1804 875 1834 =est=
897 1801 1039 1834 ”idemus
1062 1811 1102 1833 ex

446 1844 570 1876 Phorm.
594 1845 655 1875 385
679 1851 746 1881 sqq.
769 1842 836 1873 Dic
857 1852 973 1873 nomen
995 1854 1012 1873 :-
1036 1842 1187 1874 Nomen?
1208 1852 1360 1874 maxume
1380 1861 1422 1866 —
1445 1843 1490 1884 (v.
1512 1843 1588 1885 390)

766 1884 953 1925 ::Stt'lpost.

214 1929 301 1960 Satis
323 1929 472 1960 notabilis
496 1931 603 1960 exstat
624 1929 712 1960 locus

441 1970 515 2003 ibid.
541 1972 622 2003 1048
645 1977 691 2009 sq.
898 1989 900 1991 -
972 1968 1022 2000 Tu
1045 1970 1134 2000 tuom
1156 1968 1208 2000 dic
1229 1978 1345 2000 nomen
1367 1969 1449 2011 quid
1466 1969 1512 2001 sit
1533 1983 1551 2005 ::
1574 1970 1744 2003 Phormio:

534 2020 665 2050 Vostrac
684 2019 838 2057 familuze
860 2020 965 2050 hercle
987 2020 1111 2050 amicus
1132 2023 1164 2050 et
1185 2022 1243 2050 tuo
1264 2029 1412 2050 summus
1432 2021 1657 2063 Phaedram)

213 2065 342 2097 Etenim
365 2065 406 2096 ad
433 2065 602 2097 :Phormio=
629 2072 670 2096 ex
699 2065 960 2097 antecedentibus
988 2064 1167 2104 supplemus
1196 2065 1284 2096 =mihi
1311 2074 1424 2097 nomen
1446 2068 1518 2104 esta
1550 2066 1644 2098 simul
1665 2068 1772 2099 autem
1793 2067 1950 2100 sent-int

214 2108 373 2141 :Phormio
395 2117 474 2141 sum:
496 2108 534 2140 ob
557 2110 740 2148 sequentem
763 2107 999 2171 appositionem.

403 2210 434 2236 Ιτξ

426 2210 476 2237 ibri
494 2210 573 2251 quide
558 2218 599 2237 em
615 2210 715 2237 habent
732 2210 912 2237 :Certumnest
927 2208 1027 2236 istuc&

435 2244 1584 2312 {EnssffllcgtaflssfflE1d1221Au111230Bud1V398.

449 2313 545 2346 Georg.
562 2313 609 2345 IV,
627 2312 677 2338 104
695 2316 724 2338 et
740 2312 768 2338 in
785 2312 852 2338 Aen.
869 2312 892 2345 Ι,
909 2314 975 2338 436:
993 2312 1126 2338 :nimirum
1144 2312 1187 2338 hie
1204 2299 1329 2339 liomines
1342 2314 1463 2347 trigenta

437 2321 578 2374 ,Brixium
594 2332 613 2374 1'.
629 2346 647 2374 1.

435 2381 639 2407 ..Beckeruml
656 2382 674 2407 1.
691 2388 751 2413 pag.
770 2382 819 2406 169
837 2389 894 2413 sqq.

363 2210 387 2412 05:330

402 2312 444 2407 352⁵·
402 2245 442 2305 ,5253
