2114 2736
934 419 1046 473 Pars
1084 418 1245 472 altera.

759 518 780 555 Ι.
827 515 874 553 De
902 515 989 554 modi
1017 514 1168 553 infinitivi
1196 513 1394 553 omissione.

368 593 410 624 Ut
431 593 560 632 primum
583 593 746 624 absolvam
768 593 962 625 notissimum
985 601 1074 624 usum
1098 592 1285 629 omissionis,
1310 591 1337 622 si
1361 591 1446 630 apud
1468 590 1576 623 ==velle
1599 592 1633 621 et
1650 589 1759 621 ==uolle
1776 591 1877 622 verba
1891 590 1949 622 inf.

214 634 295 682 perf.
318 644 402 673 pass.
426 636 589 674 ponendus
612 638 671 672 est,
696 646 715 666 a
738 636 888 667 Terentio
911 636 1078 667 maximam
1102 638 1225 674 partem
1248 644 1306 666 om.
1331 643 1427 665 =esse=
1451 634 1548 665 solum
1571 632 1687 672 partic.
1712 632 1840 674 ponitur
1860 633 1952 665 velut

214 677 246 707 in
262 676 309 707 his
325 678 475 709 brevibus
492 678 700 709 locutionibus
716 678 829 709 :velem
846 678 953 709 hercle
970 678 1102 709 factum:
1118 678 1215 708 Andr.
1233 679 1311 714 815;
1336 677 1469 707 :factum
1484 676 1566 707 νοΙοΞ
1585 675 1709 706 Phorm.
1728 675 1806 709 ⁷873
1821 675 1949 707 :nollem

215 718 333 749 datum:
354 719 428 750 ibid.
454 721 530 758 796;
559 720 688 751 n=ollem
712 721 841 751 factum=
865 721 923 751 Ad.
951 723 1019 751 165
1070 720 1133 752 Sed
1156 720 1261 764 etiam,
1292 702 1345 750 u’bi
1377 718 1542 764 extensior
1571 721 1622 748 est
1649 717 1822 754 sententia,
1851 726 1950 749 esse=

215 761 383 800 omittitur3
408 762 447 793 cf.
471 744 570 794 Andr.
587 765 647 793 667
672 772 717 801 sq.
734 761 768 791 sz'
785 771 893 791 omnes
914 761 1002 791 lzunc
1023 761 1198 791 coniectum
1222 771 1258 790 zn
1282 759 1436 799 nuptzas'
1455 758 1587 789 inimici
1603 757 1740 797 vellent;
1765 759 1884 792 Heaut,
1908 763 1948 792 26

215 812 278 841 qua
301 812 336 833 re
356 813 464 833 omnes
485 813 541 833 vos
562 805 668 833 oratos
689 804 775 843 vol0;
798 806 872 836 ibid.
901 808 958 836 185
989 804 1095 842 Quam
1118 803 1231 833 vellem
1255 803 1483 833 Menedemum
1506 801 1706 834 invitatum:
1728 782 1805 833 item
1820 803 1949 835 Phorn-

214 848 285 884 432,
310 850 380 878 792.
411 848 501 878 Hec.
513 848 584 878 546.
610 850 687 886 5903
710 848 770 879 Ad.
796 851 864 879 372.
890 851 960 879 775.
985 851 1056 879 919.
1110 849 1176 879 Nec
1208 857 1269 878 non
1293 848 1387 878 deest
1411 846 1532 886 copula,
1565 846 1592 877 si
1622 844 1782 877 adiectivo
1805 845 1949 891 praedic.

214 888 360 927 efficitur,
384 890 474 921 velut
496 891 612 922 Heaut.
639 893 729 921 1051.
774 889 819 919 Sz
840 899 888 919 me
916 889 1019 918 vizom
1041 889 1107 928 vis;
1140 892 1217 922 Hec
1243 894 1314 921 259
1349 889 1394 919 Ut
1415 890 1451 918 tu
1474 887 1570 917 illam
1592 885 1718 917 salvam
1740 886 1847 925 magis
1867 885 1950 917 velis

213 939 308 969 quam
331 940 403 970 ego;
432 932 508 963 item
538 932 611 964 ibid.
644 934 707 964 464
738 935 770 964 et
798 933 857 964 Ad.
888 936 958 964 695.
1010 933 1093 972 Quin
1116 934 1215 964 A.ndr
1240 936 1299 963 697
1335 930 1407 969 Qut
1431 930 1522 960 inter
1543 939 1603 959 nos
1625 927 1800 959 discidium
1830 928 1950 960 volunt

213 983 307 1004 =esse=
331 975 496 1011 omittitur,
521 975 584 1005 etsi
606 975 657 1005 hic
686 985 746 1006 non
770 979 835 1006 tam
859 976 990 1013 copulae
1019 984 1110 1013 quam
1133 976 1249 1015 pioprii
1272 976 1363 1006 verbi
1393 975 1495 1006 locum
1518 976 1619 1005 tenet.
1665 973 1789 1004 Eadem
1811 976 1864 1004 est
1891 981 1947 1005 res

213 1017 292 1047 Hec.
317 1018 377 1048 655
401 1026 445 1055 sq.
490 1016 600 1050 Pater,
624 1015 658 1045 sz'
675 1026 717 1045 ex
738 1026 787 1046 me
809 1016 871 1046 illa
894 1016 1009 1045 liberos
1031 1016 1129 1046 vellet
1149 1017 1215 1046 sibu
1235 1025 1236 1029 ¹
1262 1019 1324 1046 aut
1344 1026 1378 1045 se
1400 1026 1467 1045 esse
1489 1025 1611 1044 mecum
1634 1016 1782 1053 nuptam,
1812 1016 1866 1046 ubi
1892 1016 1947 1047 vix

212 1067 308 1090 =esse=
332 1068 371 1090 ex
392 1059 568 1098 posteriore
592 1059 746 1092 enuntiati
769 1060 905 1091 membro
930 1060 970 1091 ad
994 1061 1079 1099 prius
1102 1061 1245 1099 suppleri
1274 1063 1389 1099 potest.
1443 1059 1562 1090 Verum
1593 1058 1784 1090 mouendum
1814 1061 1875 1095 est,
1906 1068 1946 1090 ne

212 1101 280 1139 quis
303 1110 383 1139 quae
408 1102 511 1133 adhuc
533 1102 650 1140 protuli
674 1103 816 1141 exempla
842 1103 882 1133 ad
904 1102 1019 1133 iustum
1043 1103 1199 1141 ellipsium
1221 1111 1323 1141 genus
1348 1102 1511 1141 pertinere
1528 1101 1701 1133 existimet.
1746 1100 1849 1132 Deest
1864 1109 1945 1133 saue

212 1143 261 1174 his
284 1144 426 1175 omnibus
447 1144 526 1175 locis
548 1145 677 1175 verbum
700 1146 799 1176 subst.
822 1154 922 1183 neque
946 1148 1053 1176 tamen
1075 1155 1132 1184 per
1155 1145 1280 1183 ellipsin
1304 1145 1412 1182 deest;
1436 1145 1527 1175 immo
1561 1152 1623 1175 non
1654 1152 1732 1182 opus
1764 1146 1815 1174 est
1844 1144 1945 1175 verbo

212 1186 311 1218 subst.
328 1186 360 1217 in
376 1186 424 1217 his
440 1186 588 1225 loquendi
604 1187 751 1224 formulis,
769 1197 849 1226 quae
865 1188 1029 1236 pertinent
1044 1188 1085 1218 ad
1100 1188 1259 1226 antiquam
1276 1190 1310 1219 et
1332 1184 1400 1215 κατ’
1416 1184 1573 1225 ειέργειαι·
1588 1186 1691 1218 verba
1705 1188 1944 1219 construentem

211 1228 336 1260 dicendi
359 1230 524 1267 rationem,
548 1239 588 1261 ex
610 1239 672 1269 qua
695 1230 816 1262 demum
829 1230 1005 1262 accusativi
1019 1239 1087 1261 cum
1110 1230 1165 1262 inf.
1159 1253 1177 1268 .,
1200 1240 1280 1269 quae
1303 1233 1447 1267 vocatur,
1471 1232 1637 1261 structum
1664 1228 1819 1276 originem
1846 1232 1944 1268 atque

212 1271 397 1311 principium
419 1272 534 1303 hausit.
537 1271 563 1310 ¹)
592 1275 637 1303 At
653 1272 704 1303 hic
720 1282 782 1303 non
795 1276 844 1304 est
866 1274 953 1304 locus
973 1282 1030 1310 quo
1047 1273 1085 1303 de
1103 1274 1162 1304 hac
1185 1283 1220 1304 1e
1243 1273 1433 1311 explicatius
1450 1276 1574 1311 agatur,
1599 1272 1657 1302 sed
1672 1280 1736 1302 non
1747 1268 1944 1303 incommode

211 1313 348 1345 fortasse
372 1317 595 1353 comparantur
616 1314 697 1346 haec
720 1315 913 1347 vernaculae
937 1314 1064 1355 linguae
1094 1316 1253 1354 exempla.
1299 1315 1450 1347 Gehenkt
1473 1314 1538 1346 will
1567 1313 1618 1345 ich
1650 1312 1720 1345 ihu!
1757 1316 1793 1346 et
1820 1313 1946 1353 plenior

210 1356 324 1387 forma:
359 1357 510 1387 Gehenkt
532 1358 597 1387 will
620 1357 671 1387 ich
694 1358 746 1387 ihn
769 1358 879 1388 seben!
924 1358 1061 1395 Utraque
1084 1358 1215 1388 formula
1237 1358 1347 1388 eodem
1370 1358 1438 1388 iure
1460 1357 1637 1396 promiscue
1653 1359 1826 1394 usurpatur
1840 1364 1944 1395 neque

210 1397 288 1428 licet
309 1398 487 1430 breviorem
508 1398 594 1430 illam
625 1408 665 1430 ex
691 1399 828 1437 pleniore
861 1408 919 1438 per
953 1399 1078 1438 ellipsin
1112 1402 1289 1430 contortam
1323 1400 1440 1430 dicere.
1497 1400 1603 1437 Atque
1637 1398 1735 1429 etiam
1768 1398 1943 1437 pleniorem

210 1440 340 1471 formam
368 1450 387 1471 a
410 1441 561 1472 Terentio
593 1441 677 1472 haud
710 1441 927 1480 infrequenter
960 1442 1134 1472 adhibitam
1168 1451 1248 1477 esse,
1283 1451 1323 1473 ex
1354 1442 1402 1472 his
1437 1441 1516 1472 locis
1547 1441 1712 1472 discimus:
1755 1440 1856 1473 Andr.
1880 1444 1942 1472 510

209 1481 351 1511 Prorsus
373 1491 393 1511 a
415 1491 465 1512 me
486 1481 668 1521 opinionem
690 1482 776 1512 hanc
798 1485 889 1512 tuam
911 1492 977 1512 esse
998 1485 1137 1511 amotam
1159 1482 1244 1521 volo3
1268 1485 1340 1515 Eun
1365 1487 1444 1522 248;
1469 1485 1587 1515 Heaut.
1612 1486 1692 1521 ⁹413
1715 1483 1844 1515 Phorm.
1871 1486 1942 1515 153.

211 1527 281 1556 723.
305 1526 383 1564 811;
406 1526 485 1557 Hec.
510 1526 581 1557 635.
605 1526 676 1558 656.
702 1529 775 1561 7583
799 1527 858 1558 Ad.
885 1529 953 1558 162.
1009 1527 1080 1558 Huc
1113 1527 1272 1558 referatur
1302 1526 1397 1558 etiam
1428 1527 1507 1558 Hec.
1532 1528 1592 1558 227
1626 1523 1715 1564 quod
1739 1523 1865 1555 Laches
1893 1534 1944 1555 me

209 1575 299 1596 nunc
320 1569 508 1597 conventam
529 1577 596 1596 esse
625 1567 752 1607 expetit.
808 1569 921 1601 Verum
954 1569 1112 1601 enimvero
1145 1570 1229 1609 apud
1252 1569 1344 1609 :pati=
1366 1569 1500 1609 perinde
1528 1578 1567 1600 ac
1602 1577 1701 1608 supra
1723 1569 1808 1608 apud
1831 1569 1946 1607 =velle=,

210 1613 243 1641 et
263 1611 384 1642 ·=nolle=
416 1611 550 1643 vidimus
584 1612 682 1643 solum
716 1613 916 1650 participium
948 1612 1073 1651 ponitur
1106 1612 1230 1643 Phorm.
1257 1614 1318 1643 304
1348 1611 1442 1650 Egon
1469 1610 1564 1640 zllam
1590 1620 1664 1640 cum
1686 1609 1746 1640 illo
1767 1611 1810 1640 ut
1824 1610 1944 1650 patiar

208 1654 344 1691 nuptam
367 1662 472 1683 unum
494 1652 599 1682 diem?
622 1657 655 1685 et
677 1654 756 1686 Hec.
782 1657 842 1685 538
866 1653 954 1683 Nam
977 1652 1117 1692 negabas
1143 1655 1279 1692 nuptam
1296 1656 1391 1692 posse
1402 1652 1516 1693 filiam
1539 1654 1630 1683 tuam
1653 1654 1685 1682 te
1700 1652 1786 1692 pati.

361 1696 493 1736 Semper
508 1696 654 1727 omissum
671 1700 721 1727 est
744 1698 831 1729 verb.
856 1698 965 1734 subst.‚
991 1696 1018 1728 si
1040 1697 1082 1728 ad
1103 1699 1254 1736 =op0rtet=
1278 1697 1403 1729 accedit
1425 1697 1480 1729 inf.
1505 1696 1585 1737 perf.
1608 1705 1694 1736 pass.
1711 1696 1803 1729 velut
1818 1697 1938 1730 Heaut-

209 1742 271 1770 200
288 1747 437 1767 mansum
462 1740 568 1767 tamen
591 1738 739 1776 oportuit.
757 1740 864 1771 Ceteri
885 1740 946 1771 loci
962 1740 1148 1770 Terentiam
1163 1743 1291 1771 exstant
1307 1741 1423 1771 Heaut.
1440 1743 1512 1771 247.
1530 1741 1603 1770 536.
1619 1742 1699 1777 635;
1722 1740 1849 1771 Phorm.
1864 1742 1940 1772 214.

360 1781 501 1821 Denique
524 1790 623 1820 saepe
647 1791 666 1812 a
689 1782 837 1813 Terentio
860 1783 892 1813 in
916 1782 1150 1813 constructione
1178 1782 1354 1814 accusativi
1378 1791 1404 1813 c.
1428 1782 1484 1813 inf.
1508 1782 1593 1821 apud
1614 1781 1818 1821 participium
1840 1791 1942 1815 =esee=

208 1824 354 1855 omissum
376 1824 437 1862 vel,
461 1827 496 1855 ut
518 1832 625 1855 veram
649 1824 695 1854 rei
717 1824 873 1855 rationem
896 1824 1119 1863 significemus,
1142 1833 1204 1855 non
1228 1825 1396 1856 admissum
1420 1827 1480 1863 est,
1503 1827 1616 1864 utpote
1638 1824 1721 1863 quod
1741 1823 1776 1856 in
1796 1823 1941 1866 genuit}

207 1866 297 1898 huius
321 1866 567 1899 constructionis
590 1866 692 1898 forma
714 1867 838 1898 omnino
862 1877 923 1898 non
939 1867 1086 1898 habuerit
1102 1867 1276 1906 legitimum
1290 1868 1402 1898 locum.
1432 1867 1610 1898 Notandum
1626 1870 1678 1898 est
1692 1867 1736 1898 ad
1749 1868 1940 1906 gerundium

208 1911 241 1939 et
274 1909 480 1948 gerundivum
513 1908 545 1939 in
583 1909 819 1941 constructione
853 1910 1031 1941 accusativi
1066 1919 1092 1940 c
1125 1909 1180 1941 inf.
1215 1910 1295 1940 adeo
1328 1919 1390 1941 non
1418 1910 1571 1941 adamare
1592 1909 1783 1955 'Ferentium
1805 1909 1940 1949 copulae

207 1951 423 1989 adiectionem,
446 1953 481 1982 ut
504 1951 602 1982 semel
625 1951 805 1983 inveniatur
827 1952 925 1983 Andr.
950 1953 1010 1982 695
1028 1951 1115 1984 Non,
1139 1960 1166 1979 sz
1168 1950 1362 1989 capiundos
1383 1950 1470 1980 milti
1487 1950 1586 1980 sciam
1608 1959 1675 1980 esse
1689 1949 1847 1985 zhirm‘cos,
1871 1952 1940 1991 ubi,

208 1994 396 2032 praesertim
430 2002 499 2025 cum
520 1994 665 2025 Bembini
692 1994 751 2025 hoc
778 1994 848 2025 loco
878 2003 941 2025 ιιοιι
963 1995 1138 2025 habeamus
1160 1994 1382 2032 testimonium,
1406 2004 1502 2026 ==esse
1525 2004 1585 2026 non
1608 2002 1737 2033 prorsus
1758 1994 1940 2032 suspicione

207 2038 306 2068 caret
341 2036 442 2077 Quam
473 2036 504 2068 in
538 2036 595 2068 hoc
628 2046 723 2068 versu
756 2037 949 2076 suspicamur
982 2046 1094 2076 corrup
1097 2037 1193 2068 telam
1226 2037 1394 2069 manifesto
1425 2037 1689 2076 deprehendimus
1719 2037 1846 2069 Phorm.
1874 2040 1970 2078 ²42*

207 2077 400 2108 Molendum
426 2087 528 2118 usque
549 2077 585 2107 in
611 2077 754 2117 pistrino
786 2077 1022 2117 vapulandum,
1055 2077 1221 2108 habendae
1248 2078 1417 2118 compedes,
1449 2080 1502 2112 ubi
1535 2088 1658 2120 :=usque
1659 2102 1668 2119 ,
1699 2079 1784 2120 quod
1810 2079 1844 2112 in
1877 2072 1939 2113 hoc

207 2131 330 2153 conexu
352 2123 435 2153 haud
458 2122 621 2152 admodum
644 2122 794 2153 usitatum
815 2124 855 2153 ab
870 2123 1100 2161 interpolatore
1116 2123 1284 2153 immissum
1297 2132 1369 2153 esse
1385 2132 1447 2154 ιιοιι
1462 2123 1635 2154 verisimile
1651 2125 1712 2161 est,
1726 2131 1825 2154 =esse=
1836 2124 1938 2155 verbo

207 2166 320 2204 postea
336 2164 485 2197 adiecto
477 2174 509 2196 ιιι
525 2165 589 2199 AD¹
592 2172 614 2198 G
638 2165 798 2204 expulsum
822 2168 881 2202 est
906 2168 1072 2204 postquam
1089 2166 1167 2197 haec
1183 2166 1281 2197 veiba
1300 2165 1490 2204 aliquamdiu
1504 2175 1567 2197 nna
1590 2168 1664 2197 sunt
1679 2163 1843 2204 prolata&
1866 2166 1938 2199 Non

205 2215 307 2247 minus
322 2225 412 2255 quam
428 2224 522 2248 ==esse
537 2224 623 2255 pron.
644 2215 739 2247 :mihi
756 2216 838 2252 quod
859 2216 1000 2256 plerique
1023 2216 1171 2248 librorum
1190 2215 1268 2248 Gall.
1286 2216 1447 2255 exhibent,
1470 2216 1731 2257 interpolatorem
1745 2217 1880 2257 redolet,
1902 2220 1939 2250 et

206 2259 296 2312 quod
297 2259 448 2312 nonnulli
480 2267 588 2290 eorum
621 2261 694 2289 ==est
727 2268 782 2297 pro
810 2268 905 2290 ==esse
938 2260 1111 2298 praebent,
1144 2259 1177 2289 id
1208 2256 1292 2289 alius
1323 2260 1450 2298 eiusque
1480 2260 1673 2291 recentioris
1694 2259 1940 2300 interpolatori!

359 2325 381 2357 ¹)
400 2326 444 2352 Ita
461 2326 566 2359 quidem
578 2326 726 2352 Schoellius
745 2325 772 2351 in
785 2325 943 2351 lectionibus
962 2325 1017 2351 suis
1036 2333 1082 2351 nos
1101 2325 1208 2351 sodales
1221 2326 1317 2359 docuit,
1336 2334 1394 2352 cum
1407 2327 1440 2353 de
1452 2334 1506 2353 acc.
1518 2335 1540 2353 c.
1553 2326 1601 2354 inf.
1613 2326 1817 2354 commotioni·
1829 2326 1937 2366 οῂΐιο
1977 2362 1987 2373 .

207 2368 238 2386 ac
255 2360 357 2387 ratione
377 2360 536 2394 disputaret.

358 2394 381 2427 ¹)
397 2395 558 2422 Laet.1nst.
576 2395 644 2428 vn„
663 2397 703 2421 27.
722 2397 738 2421 3
766 2394 933 2427 „Cogitanda
951 2399 980 2421 et
997 2395 1169 2428 proponenda
1188 2399 1250 2421 sunt
1268 2395 1342 2422 nobis
1361 2395 1525 2422 Terentiana
1542 2395 1589 2422 illa
1601 2396 1834 2422 :molendumeue
1850 2402 1937 2430 uque
1983 2380 1999 2412 ’-

205 2430 233 2456 in
252 2445 284 2449 —
302 2428 474 2462 compedem-‘⁴
