2114 2736
267 187 272 196 ²
317 222 321 223 ι
374 155 464 225 llaba
482 189 604 227 tradito
620 182 838 230 synaloephae
860 190 1001 229 vestigia
1023 182 1156 221 exstare
1186 189 1347 226 videntur,
1369 187 1552 227 religiosius
1566 188 1719 220 servandi
1732 192 1823 226 sunt3
1844 197 1949 230 neque

240 223 336 264 anuo
359 233 411 264 est
431 232 565 265 rationis
587 232 720 273 credere
742 232 916 266 secundum
937 232 1103 272 ingentem
1131 239 1297 263 numerum
1326 230 1541 270 exemplorum
1562 230 1656 263 verbi
1676 231 1777 263 subet.
1798 231 1908 265 omissi
1928 241 1951 264 a

219 274 359 306 librariis
381 272 502 314 ignaris
523 275 617 307 huius
638 284 714 307 usus
736 284 797 307 =es=
820 275 963 316 copulam
977 274 1088 315 paucis
1109 274 1173 305 illis
1194 273 1273 306 locis
1297 272 1439 306 additam
1461 281 1553 312 esse3
1576 273 1659 313 quod
1680 275 1718 306 ut
1738 282 1802 306 ιιοιι
1823 275 1952 308 cauum

222 318 273 349 est
293 316 342 349 ita
363 327 404 354 ne
426 318 565 358 speciem
586 319 712 358 quidem
734 320 835 351 habet
857 317 1104 358 probabilitatis.
1149 318 1237 352 Nam
1264 315 1409 356 quoniam
1430 316 1522 348 uobis
1550 318 1673 348 certum
1694 325 1769 348 esse
1790 316 1860 349 vult
1881 317 1950 349 Ob.

220 362 362 392 veterem
384 358 642 400 interpolatorem
665 361 713 394 sui
734 360 856 401 negotii
878 363 1018 400 putasse,
1042 360 1096 391 ubi
1115 359 1176 399 ipsi
1191 368 1267 391 usus
1290 358 1376 390 illius
1399 359 1535 391 omissae
1558 358 1718 408 copulae·
1708 368 1822 399 ignaro
1836 359 1952 392 deoese

222 411 260 433 ea
282 402 455 441 videretur,
479 404 588 435 versui
610 404 649 436 de
673 413 727 436 suo
750 413 820 435 eam
842 403 1012 439 inculcare,
1034 411 1139 434 nonne
1162 402 1273 434 mirum
1297 404 1348 434 est
1370 410 1441 434 eum
1459 401 1514 434 his
1529 401 1729 442 paucissimis
1751 401 1830 434 locis
1852 401 1953 434 inter-

220 445 356 485 polasse,
373 449 484 478 contra
499 447 680 487 „ingentem
694 447 780 479 illum
794 445 976 478 numerum“
992 446 1214 485 intemptatum
1229 444 1420 484 reliquisse?
1436 445 1488 477 Ex
1503 444 1666 477 contrario
1682 447 1798 483 autem,
1814 444 1953 484 quando-

221 488 345 527 quidem
374 489 556 529 „ingentem
586 490 672 521 illum
703 488 884 521 numerum“
914 490 1136 528 intemptatum
1166 488 1304 527 reliquit,
1338 497 1441 520 nonne
1471 487 1675 520 verisimilius
1707 490 1758 519 est
1788 496 1858 519 eum
1888 496 1954 519 non

221 531 368 570 ignarum
390 532 481 563 huius
505 541 579 563 usus
601 532 766 564 iudicare?

375 574 408 605 Si
429 574 491 605 iam
515 575 626 612 omnia,
655 584 737 613 quae
764 575 866 606 adhuc
889 577 1002 605 contra
1026 574 1135 606 Olseni
1164 574 1358 605 sententiam
1381 573 1509 613 prolata
1531 575 1616 611 sunt,
1645 572 1953 612 comprehendimus,

222 616 329 648 nescio
352 625 394 648 an
416 616 507 649 nimis
530 617 625 649 durus
648 617 701 649 ille
723 617 818 650 fuerit
840 620 980 657 praetor,
1010 618 1061 656 qui
1084 618 1280 657 synaloepha
1302 626 1362 648 =es=
1392 617 1481 648 verbi
1504 619 1540 647 nt
1562 625 1604 647 ex
1632 616 1722 647 libris
1748 615 1782 646 in
1810 615 1954 647 exsilium

223 659 436 699 expelleretur
459 660 601 692 edixerit.
647 660 710 693 Sed
731 661 793 692 iam
816 662 1004 699 spectemus,
1033 660 1157 699 quinam
1181 660 1245 691 sint
1267 659 1314 691 illi
1337 662 1455 697 testes,
1484 659 1598 698 quibus
1620 658 1742 690 innisus
1765 658 1833 690 Ols-
1860 667 1954 698 syna·

223 702 369 740 loepham
391 712 451 733 =us=
474 706 508 733 et
530 712 588 734 =es=
611 704 806 742 syllabarum
830 712 869 734 ex
892 703 1001 742 lingua
1023 703 1124 734 latina
1147 702 1369 734 removendam
1392 702 1527 733 censuit.
1553 719 1593 724 —
1616 701 1686 733 Duo
1709 702 1794 736 sunt,
1817 709 1895 740 quos
1917 702 1954 732 ut

222 744 283 783 ipsi
313 744 460 777 advocati
490 748 598 777 essent
627 745 751 783 ascivit,
782 745 902 777 Marius
924 746 1049 777 Plotius
1077 748 1110 777 et
1140 746 1260 776 Marius
1290 744 1485 776 Victorinus.
1538 744 1587 776 De
1618 744 1815 776 anctoritate
1844 744 1956 775 horum

223 787 350 819 testium
372 788 435 819 iam
457 788 536 819 nihil
559 788 671 826 dicam,
695 788 752 820 sed
767 788 842 827 quid
863 788 990 819 tandem
1005 791 1167 820 testentur
1183 787 1357 820 videamus.
1392 788 1486 819 Prior
1501 787 1557 825 VI,
1582 788 1645 818 448
1661 787 1700 819 K.
1717 787 1800 819 haec
1815 785 1956 826 profert:

376 830 418 868 „S
440 839 516 862 vero
538 831 649 862 littera
672 830 798 862 eliditur
820 831 897 868 sola,
921 831 948 862 si
971 840 990 862 a
1013 831 1196 863 consonanti
1219 830 1353 869 incipiat
1373 830 1477 863 altera
1499 838 1577 869 pars
1600 829 1764 865 orationis.
1786 832 1823 861 ut
1838 829 1956 861 Lucre-

377 873 441 903 tius
465 882 518 903 =ex
539 873 706 904 infantibu’
730 871 881 912 parvis=.“

223 915 272 946 Ex
301 916 360 946 hoc
388 915 568 947 testimonio
598 916 661 946 Ols.
691 916 813 954 colligit
844 918 919 946 ante
947 925 1005 946 =es=
1035 919 1068 946 et
1095 918 1170 946 =est=
1196 916 1327 950 formas,
1359 919 1394 946 ιιι
1424 924 1504 954 quae
1538 924 1558 946 a
1588 915 1693 946 vocali
1723 914 1888 954 incipiant,
1918 922 1958 945 εει

223 957 363 988 litteram
387 957 461 989 elidi
489 967 552 989 non
578 967 671 997 posse
695 957 827 997 ideoque
850 958 887 989 de
911 958 1105 997 synaloepha
1127 967 1187 990 =us=
1211 961 1244 989 et
1266 967 1326 989 =es=
1350 958 1546 998 syllabarum
1576 958 1722 997 cogitare
1752 966 1816 989 non
1846 956 1958 988 licere.

224 1001 336 1031 Nonne
360 1002 465 1031 autem
487 1001 713 1040 grammaticus
736 1001 774 1031 de
797 1009 927 1039 prorsus
950 1001 1014 1032 alia
1029 1009 1063 1032 re
1080 1001 1180 1032 dicit?
1226 1001 1377 1032 Ceterum
1398 1009 1461 1032 non
1475 1000 1536 1032 hoc
1553 999 1730 1037 contendit,
1753 1008 1794 1031 τες
1817 998 1959 1031 litteram

224 1046 289 1074 tum
312 1041 420 1074 solum
444 1043 519 1074 elidi
540 1052 643 1082 posse,
674 1044 701 1074 si
729 1053 748 1074 a
777 1044 962 1074 consonanti
983 1043 1116 1082 incipiat
1145 1044 1249 1074 altera
1278 1053 1353 1082 pars
1384 1043 1546 1079 orationis,
1581 1043 1638 1074 sed
1672 1040 1781 1074 solam
1810 1050 1884 1074 esse
1915 1050 1957 1073 τες

225 1085 373 1123 litteram,
406 1085 457 1116 cui
480 1086 539 1117 hoc
562 1094 662 1125 genus
686 1085 826 1117 elisionis
855 1085 1010 1124 obtingat.
1057 1085 1146 1125 Quae
1178 1094 1247 1117 cnm
1272 1086 1319 1117 ita
1346 1086 1426 1123 sint,
1459 1085 1545 1117 haud
1573 1085 1641 1116 scio
1671 1094 1712 1116 an
1741 1084 1864 1116 rectius
1890 1084 1957 1116 Ols.

225 1128 307 1158 hunc
329 1130 446 1159 testem
469 1128 536 1159 foro
560 1128 758 1161 removisset.
783 1143 824 1148 -
847 1128 967 1160 Marius
990 1128 1171 1160 Victorinus
1195 1128 1250 1166 VI,
1276 1131 1316 1160 22
1340 1128 1379 1160 Κ.
1403 1128 1484 1160 haec
1507 1127 1600 1160 dicit:

379 1180 469 1208 „cum
498 1171 596 1202 fuerit
625 1171 776 1210 scriptum
805 1171 994 1202 :audiendus
1022 1174 1083 1202 est=
1111 1174 1144 1202 et
1166 1171 1366 1202 =scribendus
1389 1174 1451 1202 est=
1479 1174 1513 1202 et
1544 1170 1661 1202 similia
1689 1170 1820 1211 generis
1849 1178 1958 1208 masc„

333 1227 337 1231 -
378 1213 507 1251 primam
531 1222 639 1244 vocem
661 1213 820 1253 integram
843 1213 1038 1252 relinquetis,
1065 1222 1103 1244 ex
1125 1213 1295 1245 novissima
1319 1216 1424 1245 autem
1448 1221 1491 1244 =e=
1514 1215 1549 1244 et
1572 1221 1633 1245 =es=
1656 1212 1848 1251 detrahetss,
1874 1211 1958 1245 iden

378 1255 505 1287 facietis
528 1255 560 1287 in
583 1255 750 1294 femininis,
781 1259 817 1287 ut
839 1256 940 1294 prima
967 1265 1029 1286 vox
1052 1256 1139 1286 cuius
1162 1256 1289 1295 generis
1313 1256 1355 1287 sit
1378 1258 1543 1294 appareat,
1571 1255 1718 1294 idemque
1745 1256 1778 1287 in
1801 1253 1958 1287 nonnis-‘⁴

228 1298 296 1329 Hoc
320 1306 359 1328 ex
382 1301 475 1337 parte
499 1298 612 1329 saltem
635 1298 716 1330 bene
740 1307 774 1330 se
798 1298 906 1330 habet.
951 1297 1015 1329 Sed
1036 1307 1107 1329 num
1130 1299 1191 1330 hac
1215 1298 1380 1329 sententia
1407 1307 1523 1329 revera
1556 1298 1807 1330 demonstratum
1840 1300 1893 1330 est
1914 1296 1957 1335 iu.

228 1340 310 1377 quod
333 1341 547 1379 synaloephae
571 1341 695 1372 nomine
712 1340 888 1380 significari
910 1340 1002 1377 solet,
1025 1350 1085 1372 non
1102 1341 1287 1372 exstitisse?
1334 1341 1405 1372 Meo
1420 1340 1536 1372 iudicio
1556 1340 1601 1372 m'l
1617 1340 1704 1373 aliud
1719 1340 1959 1373 demonstratur

226 1382 287 1414 nisi
303 1383 509 1421 grammatico
532 1383 587 1421 illi,
610 1384 693 1422 quod
715 1384 776 1414 iam
798 1383 885 1414 multi
910 1383 970 1413 sibi
985 1387 1220 1421 persuaserunt.
1245 1383 1460 1422 synaloephae
1475 1392 1590 1414 nomen
1605 1393 1670 1415 non
1686 1383 1958 1415 accommodatum

226 1424 286 1463 ipsi
315 1425 362 1455 rei
392 1433 463 1456 esse
491 1425 600 1463 visum,
631 1435 711 1464 quae
740 1425 861 1457 rectius
889 1425 1074 1464 aphaeresis
1106 1425 1336 1464 appellaretur3
1374 1434 1471 1463 quare
1503 1425 1624 1457 factum
1654 1428 1719 1463 est,
1752 1428 1789 1457 ut
1817 1424 1958 1457 nonnulli

227 1467 402 1505 ςιιιιιιιιιεέε,
437 1466 584 1499 :ausus's=
618 1468 759 1500 scribere
793 1468 931 1499 mallent.
984 1467 1171 1499 Constantia
1202 1468 1336 1506 quadam
1374 1467 1401 1499 ei
1434 1471 1579 1507 egerunt,
1620 1468 1672 1507 qui
1700 1468 1788 1500 illam
1818 1467 1959 1508 amplexi

227 1510 380 1540 rationem
403 1510 485 1541 hanc
508 1511 698 1549 scripturam
720 1513 964 1549 proposuerunt,
994 1511 1050 1541 sed
1074 1511 1181 1542 dubito
1205 1520 1246 1541 an
1269 1510 1374 1549 opinio
1405 1519 1460 1541 eos
1483 1510 1654 1549 fefellerit3
1683 1519 1756 1543 nam
1779 1510 1862 1542 hanc
1885 1518 1958 1542 esse

228 1560 276 1592 rei
292 1560 459 1610 ratioQ
464 1565 559 1600 atque
576 1561 789 1593 condicionem
812 1561 975 1600 quominus
989 1561 1163 1600 credamus,
1188 1570 1226 1593 ea
1249 1571 1284 1592 re
1308 1561 1341 1593 ni
1357 1560 1453 1592 fallor
1469 1561 1678 1600 prohibemur,
1702 1561 1785 1601 quod
1807 1573 1862 1586 =—
1873 1548 1958 1593 fe&

230 1614 264 1642 et
286 1624 338 1636 ε-
361 1611 426 1651 u(s)
450 1621 497 1643 es:
519 1612 615 1651 longa
638 1612 761 1650 syllaba
784 1612 932 1648 efficitur,
957 1615 991 1643 et
1012 1612 1045 1643 id
1066 1612 1165 1651 ipsum
1188 1612 1275 1643 aliud
1298 1614 1349 1642 est
1372 1614 1600 1660 argumentum,
1624 1612 1708 1650 quod
1730 1614 1846 1643 contra
1868 1612 1960 1643 Olse-

229 1666 302 1689 num
325 1661 454 1698 pugnet.
499 1659 577 1690 Nam
601 1668 650 1690 ex.
674 1668 722 1698 gr.
747 1658 774 1689 si
796 1658 861 1689 Mil.
877 1658 957 1698 glor.
970 1659 1030 1696 III,
1048 1659 1076 1689 2.
1104 1661 1141 1690 12
1165 1656 1236 1688 Eho
1259 1657 1301 1691 ίά,
1326 1655 1463 1691 sceleste,
1488 1665 1543 1696 quz
1568 1656 1627 1687 illi
1643 1658 1867 1697 suppromus:
1899 1656 1960 1688 eho

230 1700 378 1732 Olsenum
400 1701 503 1732 secuti
526 1710 733 1740 ==suppromus
756 1701 976 1738 scriberemus,
1000 1702 1121 1731 omnino
1145 1710 1272 1732 versum
1295 1710 1417 1749 ιιοιιΑ
1379 1700 1584 1738 haberemus;
1617 1710 1695 1731 sane
1718 1709 1822 1731 cum:
1811 1709 1873 1732 =uae
1893 1703 1961 1732 ter-

228 1750 357 1783 minatio
380 1751 495 1791 longae
511 1751 655 1790 syllabae
671 1752 771 1783 locum
788 1751 926 1789 expleat,
951 1751 1019 1782 fieri
1034 1760 1097 1782 non
1112 1753 1228 1790 potest,
1256 1751 1331 1789 quin
1348 1750 1427 1790 =u(s)
1442 1760 1488 1782 es=
1510 1751 1729 1791 intellegatur.
1773 1751 1962 1784 Huiusmodi

230 1796 336 1825 autem
358 1793 436 1825 locis
459 1794 569 1825 Olseni
591 1794 784 1825 sententiam
806 1793 858 1825 vel
879 1793 1014 1824 maxime
1037 1793 1189 1841 redargui
1210 1793 1273 1824 iam
1295 1797 1386 1825 recte
1412 1793 1520 1824 docuit
1539 1794 1559 1824 l.
1575 1794 1595 1824 l.
1611 1802 1685 1833 pag.
1703 1796 1744 1824 53
1769 1792 1961 1832 Seyffert-z,

230 1836 313 1875 apud
335 1845 426 1875 quem
449 1836 514 1868 alia
537 1836 682 1876 exempla
705 1835 849 1868 similiter
865 1838 1049 1875 comparata
1071 1835 1225 1868 invenies.
1271 1835 1378 1868 Etiam
1400 1836 1492 1873 haec,
1515 1844 1597 1874 quae
1615 1845 1711 1876 porro
1727 1835 1824 1876 Seyff.
1848 1835 1962 1869 oodo-

230 1879 297 1910 loco
321 1879 475 1918 opposuit,
499 1879 651 1917 inspicias
673 1888 807 1917 quaeso:
840 1879 954 1916 „Steht
976 1878 1083 1909 ferner
1106 1879 1188 1910 wohl
1211 1888 1251 1909 an
1275 1879 1364 1910 einer
1386 1878 1573 1916 Versstelle.
1604 1887 1652 1910 wo
1683 1878 1756 1910 eine
1778 1877 1888 1911 Kfirze
1910 1888 1963 1912 et*

231 1921 401 1952 forderlioh
422 1921 474 1958 ist,
506 1932 532 1952 z.
556 1922 593 1952 B.
616 1930 666 1952 am
688 1921 838 1952 Schlusse
867 1921 923 1951 des
946 1921 1063 1952 Senars
1086 1920 1198 1959 jemals
1226 1924 1328 1952 etwas
1352 1921 1534 1960 derartiges
1562 1922 1625 1952 wie
1655 1921 1796 1961 largitus
1823 1921 1885 1953 hoc
1910 1921 1963 1954 mr

230 1962 367 2002 largitus
391 1972 425 1995 es
447 1963 531 1995 hoc?
576 1964 635 1995 Wo
658 1963 756 2001 nicht,
780 1972 814 1994 so
838 1963 881 1994 ist
904 1962 972 1994 di'es
995 1963 1162 1994 sicherlich
1186 1963 1237 1994 ein
1260 1963 1311 1993 fiir
1334 1963 1384 1995 die
1408 1963 1542 2003 Losnng
1564 1963 1623 1994 der
1637 1961 1748 2003 Frage
1770 1962 1965 1996 beachteus·

230 2008 350 2037 wertes
373 2007 523 2043 Moment‚
555 2006 595 2037 da
625 2015 660 2037 es
690 2005 742 2036 ein
764 2005 942 2036 deutlicher
964 2005 1161 2044 Fingerzeig
1182 2008 1279 2042 ware,
1310 2005 1385 2037 dass
1408 2005 1545 2036 Plautus
1569 2005 1753 2045 dermiges
1775 2005 1963 2043 vermiedeu

230 2049 296 2085 hat,
320 2048 394 2079 weil
418 2057 453 2079 er
474 2047 608 2088 largitus
632 2057 666 2079 es
689 2048 766 2079 oder
788 2045 934 2086 largitu's
958 2056 997 2078 zu
1021 2056 1121 2086 sagen
1144 2046 1295 2087 pflegtef‘

383 2090 446 2122 Sed
475 2090 537 2121 iam
566 2091 635 2121 nolo
654 2090 789 2129 amplius
820 2099 890 2120 cum
913 2089 1047 2121 Olsenso
1071 2093 1208 2121 certare.
1241 2090 1328 2121 Satis
1356 2091 1459 2122 habeo
1483 2090 1523 2122 de
1546 2099 1668 2122 summa
1689 2090 1739 2122 rei

232 2133 366 2174 singula,
389 2142 469 2172 quae
493 2134 533 2165 ad
557 2132 738 2164 Terentium
761 2132 932 2172 pertinent,
955 2132 987 2163 in
1010 2132 1185 2181 posteriore
1208 2135 1300 2171 parte
1323 2132 1598 2164 commentationis
1620 2132 1793 2172 adveham3
1815 2141 1899 2172 quae
1920 2102 1964 2165 ad

231 2176 387 2213 Plautum,
421 2176 461 2207 de
491 2176 537 2207 eis
561 2176 591 2207 ei
619 2175 760 2212 videant,
790 2175 902 2213 quibus
930 2174 1061 2209 Plautus
1083 2174 1225 2214 inprimis
1249 2184 1345 2206 curae
1369 2178 1429 2207 est.
1473 2175 1553 2207 Nam
1574 2175 1640 2208 iam
1661 2184 1761 2216 saepe
1783 2175 1964 2217 aegerrime

232 2218 298 2257 tuli,
328 2218 382 2251 ubi
410 2218 475 2250 vidi
504 2218 536 2250 ιιι
566 2218 706 2250 omnibus
735 2218 805 2250 sere
827 2217 1043 2257 grammaticis
1065 2217 1312 2256 quaestionibus,
1347 2227 1429 2267 quae
1459 2219 1500 2250 ad
1527 2218 1747 2251 scaenicorum
1767 2218 1965 2258 pons-inm

232 2269 333 2299 genus
356 2261 481 2292 dicendi
502 2261 711 2300 pertinerent,
736 2260 932 2292 Terentiana
955 2260 1099 2299 exempla
1119 2269 1244 2299 semper
1266 2261 1359 2299 quasi
1379 2261 1412 2292 ιιι
1435 2261 1615 2300 appendice
1636 2260 1870 2293 Plautinisadl

234 2306 330 2343 atque
361 2313 454 2343 quam
479 2303 608 2335 multum
631 2302 758 2335 differat
780 2302 993 2335 Terentianus
1017 2311 1118 2334 sermo
1146 2312 1166 2333 a
1192 2303 1338 2334 Plautino
1366 2306 1504 2341 constat,
1535 2306 1569 2335 et
1598 2306 1688 2336 certe
1715 2305 1768 2335 est
1795 2303 1823 2334 '1¹

235 2346 352 2387 dignus
374 2346 521 2386 scriptor,
548 2346 601 2386 qui
622 2354 681 2386 per
703 2354 738 2378 se
761 2345 845 2378 solus
867 2347 1095 2385 pertractetur.
1139 2345 1207 2377 Iam
1233 2345 1332 2385 igitur
1358 2345 1391 2377 ιιι
1413 2346 1472 2378 hoc
1500 2346 1569 2387 ipso
1595 2346 1788 2379 mansionem
1809 2345 1966 2380 facia-u

239 2392 274 2421 et
295 2390 370 2421 inde
393 2392 514 2427 cetera,
536 2398 616 2428 quae
639 2389 671 2420 in
694 2391 867 2428 conspectu
888 2388 994 2428 posita
1016 2390 1098 2428 sunt,
1122 2388 1378 2428 contemplemur.
1401 2389 1510 2421 Etiam
1531 2390 1574 2421 ad
1596 2398 1646 2428 ea,
1669 2398 1751 2429 quae
1773 2389 1814 2421 de
1835 2389 1968 2429 reliquis
