2114 2736
1059 85 1187 128 IV..

220 188 254 216 et
277 194 351 217 ποετ
375 186 465 217 verbi
488 186 691 218 omissionem
714 195 734 218 a
754 186 905 218 Plautino
928 188 963 217 et
988 186 1111 218 omnino
1138 194 1158 216 a
1187 183 1346 216 cotidiano
1374 192 1431 214 usu
1461 181 1588 215 dicendi
1620 181 1763 213 alienam
1785 188 1862 213 asse
1887 180 1973 224 αἰψ’

218 228 447 267 persuasisset,
479 228 639 260 sescentis
664 228 773 260 Plauti
803 228 881 260 locis
912 243 972 255 ε-
993 226 1061 260 u's=
1091 237 1146 266 pro
1173 225 1292 257 tradito
1321 239 1377 250 =—-
1400 235 1454 256 us=
1481 223 1649 256 scribendo
1678 222 1832 262 copulam,
1854 220 1972 261 'qnaeu
2025 225 2028 253 ἴ
2080 209 2114 264 ..53³

220 267 338 301 omissa
351 269 530 307 videbatur,
553 278 711 302 revocare
734 269 783 301 sui
813 269 936 310 negotii
963 269 1100 309 putavit.
1147 268 1236 308 Quod
1263 267 1433 299 remedium
1460 267 1487 298 si
1516 264 1743 306 amplectimur,
1773 263 1845 304 peri

219 313 279 349 est,
301 320 343 343 ne
365 321 423 343 nos
444 314 557 343 nostro
579 312 714 344 arbitrio
736 315 858 343 tantum
882 311 1078 343 confidentes
1100 311 1190 342 nimis
1211 310 1379 342 libidinose
1403 318 1521 341 omnem
1543 308 1664 340 modum
1687 310 1720 339 et
1735 306 1830 338 finem
1845 309 1948 338 trans-

220 353 418 393 grediamur-3
440 363 541 392 quare
553 354 683 385 Brixius
705 355 738 386 in
762 354 1022 385 commentatione
1045 363 1141 392 supra
1162 353 1302 387 laudata,
1325 356 1360 383 nt
1381 352 1440 382 hoc
1463 350 1634 389 periculum
1657 349 1788 386 vitaret,
1811 348 1948 398 alteram

220 395 302 436 sing.
325 404 411 436 pers.
436 398 532 428 caute
555 405 576 428 a
598 395 815 436 disputatione
839 395 1066 437 seiungendam
1090 395 1223 428 censuit.
1267 395 1334 427 Iam
1366 403 1441 426 vero
1465 392 1528 426 Ols.
1552 391 1777 425 auctoritatem
1800 390 1948 441 librorum

220 448 294 469 mss.
317 447 473 470 revocare
497 442 632 470 conatus
655 441 716 477 est,
739 448 809 471 cnm
830 439 917 470 illam
939 448 1003 471 =es=
1027 443 1061 470 et
1083 448 1151 471 :us=
1173 438 1363 479 syllabarum
1387 436 1610 477 synaloepham
1628 443 1764 475 unquam
1781 435 1947 466 exstitisse

221 480 345 513 omnino
368 485 520 521 negarem
551 491 651 520 quare
675 482 795 513 nullum
818 491 859 514 ex
883 482 931 513 eis
952 482 1040 519 locis,
1064 492 1139 520 quos
1162 491 1214 512 vv.
1238 481 1321 512 docti
1344 481 1460 511 circulo
1483 479 1535 510 illo
1558 479 1739 512 donassent,
1767 477 1948 526 mutandum

221 531 293 555 esse
316 523 446 562 iudicat,
471 524 546 563 quia
567 532 723 564 nunquam
746 524 779 556 in
794 524 904 564 lingua
925 523 1028 557 latina
1051 533 1119 557 :esz
1143 527 1176 556 et
1197 532 1269 556 ==1s=
1293 522 1435 563 syllabae
1457 521 1489 554 in
1512 530 1606 554 unum
1624 520 1808 553 coalescere
1832 521 1948 568 potuis-

221 569 305 597 sent.
349 566 464 605 Itaque
492 566 611 597 factum
641 570 701 603 est,
732 570 767 597 ut
794 567 860 598 Ols.
889 567 957 598 fere
990 572 1114 599 centum
1143 566 1347 606 septuaginta
1374 565 1453 597 locis
1478 564 1644 603 Plautinis,
1671 563 1724 595 ubi
1754 562 1948 595 Bitschehus

222 607 338 648 aliique
360 618 413 642 vv.
441 609 493 641 dd.
516 618 589 641 =es=
617 612 690 649 post
712 619 823 642 vocem
854 609 888 641 in
910 623 967 634 =-
995 621 1048 641 ns:
1075 610 1270 642 desinentem
1300 609 1454 640 duxerunt
1482 607 1680 640 intercidisse
1703 610 1737 637 et
1758 606 1815 637 illa
1838 606 1948 655 circuli

222 651 405 684 adiectione
432 652 583 684 revocari
613 652 731 684 debere
763 655 968 690 censuerunt,
996 652 1194 685 omissionem
1226 661 1294 683 :es=
1324 650 1411 684 verbi
1442 650 1481 683 ab
1509 650 1576 690 ipso
1599 648 1754 689 scriptore
1778 648 1946 696 admissam

221 703 295 725 esse
318 696 492 726 statueret.
538 695 643 732 Atque
674 696 715 725 ad
745 695 992 726 confirmandam
1016 704 1105 726 suam
1131 695 1283 726 rationem
1311 695 1356 725 ita
1379 693 1622 733 disputationem
1645 691 1793 729 instituit,
1825 693 1862 722 ut
1884 699 1949 722 unl-

222 735 333 775 cuique
362 736 478 777 generi
504 737 597 770 verbi
629 746 701 768 =es=
732 737 839 768 omissi
870 738 1080 776 exemplorum
1114 747 1238 776 semper
1262 738 1345 769 tales
1374 737 1459 768 locos
1489 738 1706 775 anteponeret,
1728 735 1841 773 quibus
1863 733 1948 765 aliae

221 778 340 810 formae
362 779 456 811 verbi
477 780 578 811 subst.
603 780 738 812 omissae
762 783 845 817 sunt,
869 780 907 811 de
932 789 1062 819 quarum
1086 780 1260 817 omissione,
1283 779 1393 818 quippe
1417 788 1485 810 cum
1508 782 1571 810 tam
1600 777 1661 809 leni
1685 776 1823 808 remedio
1853 778 1947 824 atque

221 830 281 852 nes:
297 822 406 852 versui
415 821 522 853 induci
536 831 598 852 non
609 826 750 860 possent,
763 822 825 852 iam
841 822 966 852 minime
979 823 1092 853 liceret
1107 822 1263 852 dubitare.
1299 823 1472 852 Praeterea
1484 821 1533 851 hic
1547 820 1611 851 illic
1623 829 1660 851 ex
1673 820 1720 851 eis
1732 818 1947 859 scriptoribus,

222 871 350 902 quorum
359 872 462 903 genus
470 863 598 896 dicendi
606 864 805 904 perspicuum
816 864 971 895 sermonis
982 864 1144 896 familiaris
1151 866 1283 903 praebet
1292 865 1330 895 im
1335 862 1498 904 aginem‚¹l
1506 863 1616 895 similia
1623 862 1797 894 omissionis
1805 861 1948 901 exempla

222 905 326 943 affert,
342 906 455 944 quibus
466 906 617 938 Plautina
630 907 813 946 probentur.
839 925 878 930 —-
898 907 1009 938 Omnia
1022 908 1067 938 sic
1078 908 1157 939 bene
1170 916 1204 938 se
1218 908 1335 938 habere
1348 907 1495 939 videntur
1505 909 1598 944 atque
1611 915 1671 937 non
1684 904 1751 936 sine
1764 904 1868 942 aliqua
1881 913 1949 935 con-

223 948 354 979 fidentia
391 949 452 979 hac
486 950 539 980 via
572 950 828 988 progredientem
864 949 1037 987 sequimur;
1076 952 1108 980 at
1143 953 1247 980 tamen
1282 949 1311 979 in
1346 949 1406 980 fine
1439 948 1630 987 quaestionis
1664 948 1689 978 si
1720 956 1867 978 summam
1900 946 1948 976 rei

223 990 504 1029 circumspicimus,
534 991 643 1022 neseio
675 1000 717 1022 an
746 994 855 1023 nostro
883 991 950 1023 iure
980 1001 1037 1023 nos
1073 992 1250 1023 incredulos
1278 992 1487 1029 profiteamur.
1532 991 1597 1021 Iam
1628 989 1709 1021 enim
1738 988 1948 1028 gravissimae

223 1032 442 1064 dubitationes
476 1034 614 1065 subeunt
646 1034 789 1065 animum.
836 1034 940 1072 Atque
968 1034 1108 1073 primum,
1137 1034 1218 1073 quod
1248 1033 1311 1065 Ols.
1337 1033 1496 1065 contendit
1525 1043 1560 1065 eo
1592 1032 1692 1072 magis
1726 1032 1880 1064 incertam
1915 1036 1949 1063 et

223 1075 375 1106 lubricam
405 1085 444 1106 ac
471 1086 564 1114 quam
592 1077 870 1108 vehementissime
899 1077 1143 1115 impugnandam
1170 1077 1269 1107 videri
1303 1078 1385 1107 illam
1427 1092 1482 1103 =—-
1505 1077 1569 1107 u's=
1598 1075 1755 1106 scribendi
1782 1074 1947 1111 rationem,

224 1117 305 1155 quod
327 1127 379 1149 vv.
401 1118 452 1149 dd.
474 1127 513 1149 ea
529 1118 674 1149 adhibita
697 1118 888 1155 effecissent,
912 1122 947 1149 ut
970 1119 1001 1148 in
1026 1119 1113 1157 poesi
1137 1119 1284 1149 scaenica
1308 1120 1362 1149 lat.
1386 1120 1445 1149 iam
1469 1118 1582 1149 nullum
1605 1120 1748 1148 exstaret
1772 1117 1947 1155 exemplum

223 1168 301 1190 =es2
325 1160 414 1191 verbi
439 1160 555 1198 omissi,
580 1169 647 1191 cum
671 1164 736 1191 tam
761 1169 857 1200 saepe
882 1163 914 1192 et
937 1164 1001 1191 tam
1026 1161 1179 1192 audacter
1195 1163 1324 1192 ceterae
1342 1170 1493 1200 personae
1512 1160 1595 1192 verbi
1612 1160 1710 1191 subst.
1727 1159 1948 1191 omitterentur

223 1201 301 1234 viris
333 1202 437 1233 doctis
469 1203 731 1242 assentientibus,
756 1219 795 1223 -—
829 1212 933 1234 nonne
962 1203 1045 1234 illius
1073 1203 1193 1235 ratione
1222 1204 1363 1235 adhibita
1393 1213 1473 1235 nova
1505 1212 1602 1242 eaque
1633 1202 1761 1242 gravior
1790 1202 1946 1233 dubitatio

224 1244 366 1275 exoritur
395 1254 435 1275 ea
464 1255 510 1282 re,
543 1246 634 1283 quod,
666 1255 733 1276 cum
764 1246 873 1276 Olseni
903 1246 1037 1276 Plautus
1067 1246 1205 1276 refertus
1235 1246 1277 1276 sit
1308 1256 1345 1276 ac
1375 1250 1497 1276 scateat
1526 1245 1699 1275 omissionis
1729 1244 1890 1282 exemplis,
1921 1244 1947 1273 si

222 1287 442 1326 praedicatum
464 1288 497 1318 in
526 1299 587 1311 ε-
612 1296 663 1318 us:
687 1287 941 1319 terminationem
966 1288 1038 1323 exit.
1063 1287 1134 1325 iam,
1165 1287 1191 1319 si
1215 1288 1431 1326 praedicatum
1458 1287 1622 1327 participio
1650 1287 1701 1318 vel
1729 1286 1887 1318 adiectivo
1916 1286 1946 1318 in

223 1342 282 1353 2-
307 1338 346 1359 a=
363 1330 534 1360 terminato
552 1330 695 1363 efficitur,
719 1340 832 1360 vereor
847 1340 886 1360 ne
904 1340 1011 1360 omnes
1028 1331 1152 1360 fabulas
1169 1334 1386 1369 perscrutatus
1412 1331 1524 1361 nullum
1548 1339 1615 1361 :es-¹
1639 1330 1745 1361 omissi
1769 1330 1946 1369 exemplum

223 1371 413 1411 reppereris.
460 1371 605 1403 Hancine
629 1382 695 1403 rem
718 1372 801 1403 forte
833 1377 977 1410 putemus
1007 1382 1077 1403 esse
1106 1373 1245 1403 factam?
1276 1388 1316 1393 -——
1346 1374 1417 1404 Alia
1445 1373 1596 1404 dubitatio
1624 1372 1749 1403 exsistit
1778 1373 1867 1403 haec.
1914 1372 1947 1403 Si

224 1414 406 1445 accuratius
444 1417 626 1454 spectamus
658 1414 800 1454 exempla
830 1415 894 1452 illa,
925 1415 976 1445 ubi
1011 1424 1080 1446 =es=
1112 1418 1184 1454 post
1214 1416 1313 1453 ipsum
1346 1416 1557 1454 praedicatum
1586 1415 1616 1446 in
1641 1428 1699 1440 =-
1731 1425 1769 1446 a=
1800 1414 1948 1446 desinens

223 1456 358 1495 positum
382 1461 442 1494 est,
468 1457 618 1495 pleraque
643 1457 799 1487 simillime
835 1461 1018 1495 comparata
1041 1461 1114 1488 sunt
1144 1461 1238 1495 atque
1268 1466 1315 1494 ea,
1346 1458 1376 1488 in
1407 1458 1515 1495 quibus
1546 1457 1730 1497 praedicato
1757 1457 1788 1488 in
1820 1469 1875 1480 =-
1892 1466 1947 1487 us:

224 1502 360 1530 exeunte
379 1499 444 1530 Ols.
470 1499 595 1538 ellipsin
619 1508 692 1530 =es=
715 1500 806 1530 verbi
830 1499 951 1530 statuit.
998 1499 1150 1537 Exempla
1168 1500 1347 1530 accuratius
1366 1500 1527 1535 docebunt,
1552 1509 1694 1537 quorsum
1719 1503 1844 1537 spectet
1867 1501 1948 1530 haec

221 1540 390 1571 dubitatio.
437 1541 528 1580 Capt.
552 1541 588 1580 V,
612 1543 641 1572 2.
669 1543 705 1572 12
730 1541 865 1581 legitur:
891 1540 981 1569 Satis
993 1540 1172 1580 facundus
1194 1549 1246 1570 es:
1268 1540 1325 1570 sed
1338 1542 1402 1571 t'am
1407 1540 1492 1580 fieri
1503 1540 1585 1571 dicta
1600 1550 1626 1580 q.
1642 1551 1676 1575 s.,
1701 1542 1761 1579 ubi,
1786 1545 1821 1574 ut
1836 1551 1948 1574 versus

223 1583 351 1620 evadat,
374 1593 450 1615 =es=
474 1593 544 1614 cum
566 1596 624 1607 =—
650 1593 704 1614 us:
729 1585 853 1622 syllaba
877 1593 934 1621 per
958 1585 1183 1622 synaloepham
1207 1584 1353 1624 coniungi
1384 1585 1486 1616 debet.
1533 1586 1725 1616 Haberemus
1741 1585 1840 1622 igitur
1856 1593 1948 1624 syna-

222 1625 356 1665 loephae
381 1625 566 1665 exemplum,
590 1625 652 1658 nisi
676 1626 742 1658 Ols.
767 1629 879 1658 contra
902 1625 1072 1663 diceret²):
1100 1635 1193 1662 „usus
1217 1627 1377 1657 Plautinus
1393 1629 1539 1664 postulat,
1563 1630 1598 1657 ut
1620 1628 1670 1657 hic
1694 1637 1751 1656 =es=
1776 1627 1948 1664 omittatur,

221 1668 304 1699 sicut
327 1669 357 1699 in
382 1669 475 1699 :satis
493 1669 612 1706 locuti=,
636 1668 729 1699 :satis
745 1668 893 1707 iocatus=‚
916 1668 1020 1699 =nimis
1036 1668 1196 1699 molestus:
1220 1672 1253 1700 et
1276 1668 1307 1700 in
1324 1669 1501 1701 similibus.“
1549 1671 1626 1700 Loci
1642 1673 1754 1705 autem,
1780 1671 1818 1700 de
1835 1670 1947 1707 quibus

222 1710 354 1749 cogitat,
397 1714 472 1741 sunt
507 1711 555 1741 hi:
601 1712 718 1742 Pseud.
754 1712 778 1747 Ι,
816 1714 842 1741 3.
872 1714 909 1741 19
944 1709 1053 1739 Nt'mz's
1086 1709 1259 1743 molestus,-
1293 1711 1385 1750 Epid.
1415 1712 1468 1750 IV,
1503 1715 1526 1743 1.
1557 1713 1597 1742 24
1629 1710 1743 1751 Inique
1782 1709 1948 1748 z‘m'urius3

220 1753 305 1784 Men.
341 1754 378 1789 V,
414 1757 442 1784 2.
489 1757 527 1784 73
550 1753 630 1790 Jam
653 1762 734 1785 vero,
768 1752 982 1784 lldenaechmc,
1018 1752 1097 1780 satis
1128 1752 1269 1782 iocatus,-
1311 1756 1402 1783 Most,
1438 1756 1492 1791 IV,
1526 1760 1551 1783 2.
1587 1758 1622 1783 31
1658 1755 1771 1786 Fuere,
1807 1754 1947 1782 nimium

222 1792 426 1835 delicatus³)‚
471 1794 531 1827 His
569 1794 714 1828 omnibus
743 1794 821 1827 locis
852 1794 917 1828 Ols.
948 1804 1006 1827 :esz
1038 1795 1077 1827 ab
1107 1795 1175 1835 ipso
1199 1796 1354 1835 scriptore
1385 1796 1528 1829 omissum
1559 1808 1629 1829 esse
1653 1798 1815 1829 contendit
1837 1801 1949 1829 contra

221 1838 393 1867 Ritschelii
405 1839 600 1874 aliorumque
618 1839 820 1868 sententiam.
859 1838 942 1876 Quid
959 1842 1075 1874 autem,
1092 1839 1173 1875 quod
1189 1839 1321 1876 legimus
1337 1840 1489 1877 probante
1508 1839 1635 1871 Olsenoz
1659 1840 1770 1879 Amph.
1786 1840 1844 1877 111,
1863 1843 1891 1871 2.
1909 1843 1948 1872 22

221 1877 331 1908 Nz'mzssr
352 1878 578 1919 verecunda's;
618 1880 706 1912 Asin.
730 1880 788 1916 ΙΙΙ,
816 1883 841 1911 1.
866 1882 884 1910 8
909 1878 1001 1908 Satis
1024 1878 1198 1908 dz'cacula’s
1221 1880 1377 1915 amatrz'x;
1411 1882 1484 1912 ibid.
1508 1883 1566 1915 ΙΙΙ,
1591 1887 1617 1912 3.
1642 1886 1681 1912 84
1704 1882 1810 1910 Nimis
1841 1881 1950 1910 bella's

221 1923 316 1959 atque
337 1920 502 1960 amabili-⁹3
527 1922 620 1961 Epid.
638 1923 693 1959 IV,
721 1925 747 1953 l.
774 1925 813 1953 25
838 1931 884 1960 sq.
913 1920 1100 1961 Commode}
1121 1920 1325 1961 Fabulata's3
1350 1924 1441 1954 Most.
1467 1924 1491 1961 Ι,
1516 1927 1542 1954 3.
1568 1926 1605 1954 20
1631 1922 1740 1953 Nimis
1762 1925 1797 1953 tu
1822 1923 1948 1962 quidem

220 1962 351 1992 stulta's
373 1962 511 2002 mulz'er;
548 1965 623 1996 ibid.
648 1966 672 2001 Ι,
699 1969 727 1994 3.
756 1967 813 1994 135
837 1963 991 1992 Ornata’s
1012 1963 1108 2001 satt's;
1147 1966 1225 1995 Rud.
1250 1967 1308 2002 111,
1334 1969 1360 1995 3.
1389 1968 1424 1996 19
1448 1965 1512 1999 Ah,
1530 1965 1653 1994 desine.-
1685 1965 1783 1995 nimis
1798 1965 1949 2007 z‘nepta'53

221 2007 315 2038 Truc.
331 2007 374 2044 II,
391 2009 420 2039 4.
445 2008 483 2039 27
507 2006 587 2045 Jam
611 2005 769 2036 locuta's?
793 2009 826 2038 et
842 2006 874 2038 id
890 2017 991 2046 genus
1008 2005 1094 2038 alia?
1118 2008 1241 2038 Deinde
1259 2009 1368 2046 Amph.
1394 2010 1435 2045 II,
1462 2013 1487 2039 1.
1506 2013 1553 2045 35,
1578 2010 1607 2039 in
1625 2019 1683 2047 quo
1700 2019 1792 2040 versu
1808 2011 1949 2042 editores

221 2050 419 2088 aliquantum
441 2050 598 2081 recedunt
626 2059 645 2080 a
675 2049 797 2080 tradita
827 2049 986 2089 siriptura.
1020 2049 1085 2081 ols.
1115 2049 1257 2090 inprimis
1280 2050 1484 2083 Fleckeiseni
1509 2061 1631 2083 versum
1654 2050 1782 2091 faciam
1805 2053 1835 2082 te
1857 2051 1951 2082 hodie

217 2090 356 2130 proinde
377 2093 417 2121 ut
446 2091 591 2120 merz‘tu's
620 2102 777 2130 nunqnam
809 2093 868 2122 sibi
895 2094 1020 2123 obtrudi
1050 2102 1211 2131 passurum
1243 2102 1276 2123 se
1307 2094 1479 2131 profitetur,
1512 2095 1592 2132 qnod
1623 2096 1733 2126 iterum
1761 2097 1949 2127 haberemus

219 2135 439 2175 synaloephae
462 2135 549 2166 illius
572 2135 759 2172 exemplum.
806 2136 872 2166 lam
895 2144 983 2172 vero,
1007 2144 1068 2174 qua
1091 2135 1219 2166 tandem
1242 2136 1364 2167 ratione
1381 2140 1443 2167 tam
1461 2137 1664 2168 vehementer
1689 2139 1790 2177 ellipsi
1813 2139 1951 2170 admissa

219 2182 267 2209 :ut
288 2178 432 2209 meritus=
456 2178 657 2209 scribendum
682 2187 754 2208 esse
779 2178 989 2213 contenderit,
1015 2178 1196 2216 perspicere
1213 2178 1385 2216 nequimus,
1410 2179 1435 2209 si
1453 2180 1674 2211 contulerimus
1690 2191 1817 2219 prorsus
1838 2182 1951 2213 similia

220 2221 366 2258 exempla
389 2220 476 2251 Asin.
500 2221 524 2254 Ι,
549 2223 576 2251 3.
602 2223 620 2251 8
645 2220 685 2248 ul
707 2218 849 2248 merz'ta's
872 2225 904 2251 et
927 2221 1007 2251 Eun.
1038 2224 1097 2251 750
1128 2219 1174 2248 ila
1202 2221 1240 2248 ut
1269 2219 1419 2249 merz‘ta’s.
1466 2223 1562 2253 Porro
1594 2223 1656 2253 Ols.
1689 2224 1777 2254 Asin.
1808 2225 1832 2262 Ι,
1859 2228 1885 2255 l.
1911 2228 1949 2255 26

376 2286 396 2315 ¹)
415 2271 528 2312 Praeter
549 2287 644 2318 fragm.
669 2286 757 2319 poesis
781 2293 868 2311 scaen.
892 2286 973 2311 etiam
1001 2286 1176 2312 Terentianae
1202 2286 1316 2319 fabulae,
1340 2287 1473 2313 Ciceronis
1491 2288 1628 2321 epistulae,
1655 2290 1758 2316 Horatii
1777 2291 1883 2323 satirae,
1903 2292 1950 2318 Pe-

219 2320 301 2346 tronii
319 2320 472 2353 fragmenta
491 2320 577 2346 ascita
595 2323 666 2345 sunt.

375 2353 396 2382 ²)
415 2354 434 2381 l.
452 2355 469 2380 l.
490 2361 551 2387 pag.
569 2354 611 2380 49.

374 2388 395 2420 ⁸)
415 2389 535 2415 -nimium
555 2396 583 2414 es
604 2388 667 2414 det·
686 2389 860 2414 Camerarius.
