2114 2736
208 176 268 208 sed
285 176 426 213 hume,
445 177 578 220 Simo&
596 191 614 212 2:
637 177 720 210 Hic..
753 179 872 212 Videas
894 182 1007 212 contra
1027 179 1154 211 Phorm.
1177 180 1239 210 852
1267 174 1336 207 Sed
1353 174 1425 206 isne
1444 175 1499 210 est,
1523 174 1766 214 quemqnaero,
1788 181 1852 208 an

207 219 316 261 zpsust
337 221 431 256 Eum
445 225 509 255 848
531 220 602 252 Sed
627 222 718 252 estne
738 220 817 252 haec
853 220 963 256 Thais,
1001 229 1097 261 quam
1119 218 1231 250 video?
1260 217 1371 259 zpsast.
1392 217 1468 251 ibid.
1492 219 1553 250 546
1575 214 1611 246 Iit
1630 216 1682 246 est
1707 222 1755 246 an
1779 222 1871 264 non!
1893 250 1895 253 ,
1934 252 1937 256 ,
1967 237 1980 255 ,rv

208 262 324 302 ipmt.
368 265 469 298 Andr.
492 267 552 297 801
578 275 624 305 sq.
655 266 744 293 estne
764 263 818 293 hic
842 263 932 293 Crito
952 262 1103 293 sobrinus
1128 259 1319 301 Chorsidir?
1335 259 1339 301 Ι
1356 261 1390 290 Js
1409 261 1465 292 est.
1489 263 1551 292 etc.
1574 263 1637 291 etc.
1683 258 1774 299 Quae
1805 259 1950 291 cm·itoe
1971 259 1974 274 ³

208 306 283 345 siut.
307 306 336 339 si
358 306 428 347 quis
450 307 491 339 de
513 307 601 340 =Hic=
623 307 677 339 illo
699 307 730 339 in
754 307 851 339 Andr.
875 316 906 339 v.
929 309 991 338 908
1014 305 1217 345 dubitaverit,
1240 314 1301 337 non
1324 308 1446 336 temere
1468 302 1501 334 id
1522 301 1593 334 sseri
1615 303 1738 333 certum
1761 303 1821 333 est.
1865 301 1944 334 For-

208 351 301 381 tasse
326 349 396 382 coll.
419 350 544 382 Phorm.
569 352 630 381 813
652 358 709 389 pro
732 349 816 381 =Hic·
838 352 928 381 recte
950 349 1028 381 =Sic=
1051 344 1310 385 substituimus.¹)
1884 377 1887 380 .

363 434 460 467 Aliud
482 444 584 475 genus
599 434 774 467 omissionis
796 434 886 466 verbi
901 435 1001 465 subst.
1026 436 1134 465 exstat
1157 434 1203 464 eis
1225 431 1313 468 locis,
1337 431 1390 470 qui
1406 440 1463 469 per
1486 429 1750 461 exclamationem
1766 428 1944 462 efferuntur

209 478 263 510 vel
286 477 423 518 speciem
445 477 683 510 exclamationis
705 486 782 516 prae
806 485 840 508 se
864 476 979 508 ferunt.
1024 476 1095 507 Huc
1118 475 1259 515 pertinet
1281 473 1432 513 imprimis
1454 472 1531 504 illud
1553 471 1714 508 :fabulae=,
1741 472 1823 511 quod
1845 473 1942 505 habe-

209 529 276 551 mus
299 529 348 551 ex.
364 529 411 560 gr.
427 520 525 551 Andr.
543 522 604 550 553
626 518 678 547 Ita
693 525 838 557 magnae,
862 519 902 546 ut
923 520 1043 556 sperem
1053 519 1147 556 posse
1160 515 1265 544 avelli
1275 525 1293 547 :z
1312 514 1474 543 Fabulae!
1490 515 1565 546 item
1583 515 1702 546 Heaut.
1721 518 1791 554 336,
1814 515 1941 547 Phorm.

208 566 280 595 492.
305 566 377 594 946.
422 563 511 602 Quod
534 562 635 601 Umpf.
1455 598 1460 603 Π
1491 598 1496 603 .

410 603 509 637 Andr‘,
533 606 593 636 223
617 613 662 643 sq,
917 600 967 630 ibi
982 602 1053 630 tum
1076 600 1161 630 hanc
1182 599 1310 630 eiectam
1338 598 1508 639 Chrysaedzs

714 644 845 673 Patrem
869 643 1018 683 recepzssvse
1039 642 1154 677 orbam,
1173 643 1330 682 parvam!
1344 640 1510 682 fabulae!

209 698 353 728 =parvam
384 688 536 720 fabulase
566 688 703 726 scripsit,
735 687 891 719 inutiliter
921 690 954 718 et
983 690 1096 718 contra
1123 687 1183 718 loci
1212 686 1404 717 sententiam
1434 685 1523 717 fecit.
1569 685 1689 717 Eodem
1719 694 1814 717 sensu
1844 689 1940 725 atque

208 731 361 764 :fabula-e:
386 734 579 771 usurpantur
600 730 687 770 :logi=
712 733 746 761 et
768 730 913 761 :somnia⁵
937 729 1128 768 locutiones;
1153 729 1193 761 ef.

410 774 534 806 Phorm.
558 775 619 805 493
643 782 687 813 sq.
711 771 928 803 Faeneratum
951 770 1034 801 istm
1055 770 1240 812 beneficium
1257 769 1394 810 pulchre
1417 769 1480 800 tibi
1497 769 1581 800 dices
1597 783 1613 803 z:
1630 769 1737 810 Logi!

674 828 691 847 :;
719 814 821 843 Crede
842 814 932 847 mtht',
952 813 1110 854 gaudebis
1122 813 1218 855 facto
1231 826 1237 846 ς
1251 822 1362 842 verum
1385 812 1487 842 hercle
1509 813 1568 843 hoc
1588 814 1666 846 esta
1679 812 1840 843 Somnia!

206 860 252 890 sic
277 859 373 890 etiam
395 859 468 890 ibid.
493 860 554 889 873
577 868 622 897 sq.
935 857 1016 886 Cum
1038 856 1109 886 eius
1130 855 1297 885 consuevit
1315 854 1391 884 olz'm
1413 857 1519 884 matre
1541 856 1578 885 in
1600 855 1722 884 Lemno
1743 854 1940 888 clanculum.

673 911 691 933 :z
715 899 913 930 Somnium!
931 899 1006 929 utin
1029 899 1107 930 haec
1128 899 1295 938 ignoraret
1311 925 1317 931 ,
1336 925 1341 930 ,
1361 925 1366 931 ,
1386 925 1392 931 ,

207 944 376 976 Accedunt
396 944 477 976 haec
500 943 661 983 exempla:

408 987 505 1019 Andr.
529 989 592 1018 474
709 985 788 1015 Hui
804 987 870 1015 tam
893 985 977 1015 cito?
1000 984 1182 1018 ridiculum.
1206 985 1297 1025 (item
1320 985 1394 1017 ibid.
1421 988 1491 1024 712,
1513 985 1595 1017 Eun.
1619 987 1692 1023 452,
1716 985 1843 1017 Phorm.
1868 987 1939 1024 902,

409 1072 491 1103 Eun.
515 1075 576 1103 288
716 1030 831 1100 Ῑαέᾒὲ
850 1028 973 1099 {lyam
990 1082 996 1100 :
1012 1070 1095 1099 mira
1118 1080 1191 1099 vero
1208 1096 1213 1102 .
1233 1096 1239 1102 ,
1257 1094 1263 1101 .
1283 1096 1288 1101 ,

409 1113 483 1146 ibid.
506 1116 568 1146 402
592 1123 636 1153 sq.
714 1112 792 1143 Vero
814 1112 938 1142 credere
959 1122 1081 1142 omnem
1104 1112 1289 1147 exercitum,
1311 1112 1314 1152 Ι
1339 1109 1483 1142 Conszlia
1500 1124 1517 1144 ::
1535 1110 1673 1141 Mirum.

409 1157 527 1188 Heaut.
551 1158 612 1188 245
705 1155 847 1185 Minime
868 1155 986 1185 mirum
1004 1168 1010 1188 ;
1025 1154 1102 1185 adeo
1124 1154 1294 1195 impeditae
1314 1157 1416 1184 erant.

409 1198 489 1231 Heo.
516 1200 579 1231 423
606 1208 652 1238 sq.
707 1198 760 1227 Ita
774 1206 885 1245 'usque
907 1197 1042 1228 adversa
1065 1199 1247 1237 tempestate
1268 1197 1327 1228 usi
1344 1205 1467 1230 sumus.

409 1282 536 1317 Phorm.
561 1284 622 1316 770
666 1253 684 1272 κ
708 1240 924 1316 &gauf-Dic
944 1281 1033 1313 sodes
1049 1296 1065 1316 ::
1082 1281 1242 1317 Nimium,
1267 1281 1400 1322 inquam
1417 1293 1435 1315 :z
1451 1281 1553 1312 Immo
1575 1280 1609 1312 si
1625 1281 1718 1315 sczas.

410 1326 470 1357 Ad.
494 1329 555 1358 275
710 1325 792 1354 Rem
809 1327 913 1364 paene
935 1334 952 1354 e
968 1325 1105 1365 patria!
1122 1327 1218 1365 turpe
1239 1324 1337 1358 dictu.

359 1368 533 1400 Admodum
567 1368 688 1399 usitata
717 1372 767 1399 est
795 1369 920 1400 omissio
949 1369 1039 1400 verbi
1062 1370 1163 1400 subst.
1195 1369 1228 1400 in
1257 1369 1303 1400 eis
1334 1368 1558 1401 locutionibus,
1589 1368 1622 1400 in
1653 1368 1764 1407 quibus
1794 1368 1937 1399 =factum=

205 1412 289 1449 part.
314 1410 483 1442 exhibetur
502 1410 592 1443 velut
613 1412 708 1442 :bene
724 1411 862 1447 factnm=,
886 1411 978 1443 :male
994 1411 1136 1449 factum=,
1159 1411 1289 1450 :optime
1305 1410 1436 1442 factum:
1462 1410 1562 1442 Andr.
1579 1413 1649 1441 593.
1673 1413 1744 1441 969.
1769 1412 1841 1441 975.
1865 1414 1937 1447 992,

206 1452 286 1484 Eun.
311 1454 383 1483 674.
409 1454 500 1491 1037,
523 1452 647 1485 Phorm.
673 1454 742 1483 751.
766 1455 837 1484 883.
882 1452 1013 1485 Omnino
1028 1453 1061 1485 in
1083 1453 1227 1485 :factum=
1243 1461 1332 1490 voce,
1356 1452 1468 1484 utiam
1484 1461 1581 1493 supra
1596 1452 1742 1489 vidimus,
1765 1452 1938 1492 singularis

205 1494 361 1533 quaedam
390 1495 439 1527 vis
469 1495 577 1527 inesse
601 1496 738 1532 videtur,
767 1504 847 1534 quae
871 1496 1031 1527 omissioni
1060 1497 1192 1535 copulae
1224 1496 1345 1533 faveat,
1374 1496 1488 1535 quippe
1520 1504 1589 1527 cum
1612 1495 1661 1527 vel
1684 1495 1716 1526 in
1746 1495 1939 1534 amplificata

206 1537 371 1568 sententia
395 1546 435 1568 ea
458 1537 657 1576 admittatur,
681 1538 734 1569 ubi
756 1538 817 1569 iam
839 1547 901 1570 uon
924 1539 1097 1570 habeamus
1121 1538 1385 1570 exclamationem
1408 1538 1505 1570 velut-

412 1580 493 1611 Hec.
516 1582 579 1611 456
666 1579 755 1608 Bene
772 1579 901 1615 factum
923 1581 955 1609 te
974 1579 1150 1613 advenirse,
1174 1578 1355 1618 Pamphtle.

412 1620 472 1653 Ad.
497 1624 558 1654 662
582 1631 650 1661 sqq.
955 1621 1091 1652 Factum
1113 1631 1134 1651 a
1156 1620 1243 1651 vobis
1264 1620 1393 1652 duriter

667 1663 1019 1704 Jnmz'serz'cordaerque
1040 1665 1136 1704 atque
1156 1663 1262 1699 etiam,
1284 1663 1319 1694 si
1335 1665 1391 1698 est,
1410 1665 1513 1703 pater.

666 1706 851 1735 Dicendum
872 1707 976 1746 magis·
998 1709 1113 1746 aperte,
1138 1706 1361 1737 inliberaliter.

355 1750 401 1781 At
424 1752 533 1780 tamen
547 1750 627 1780 haec
650 1749 710 1781 duo
726 1750 867 1789 exempla
889 1759 952 1781 non
974 1750 1035 1782 nisi
1053 1750 1085 1781 in
1108 1750 1328 1789 exceptionum
1350 1751 1419 1781 loco
1435 1750 1580 1789 ponenda
1603 1753 1693 1789 sunt;
1716 1759 1787 1781 nam
1812 1753 1936 1782 cetero-

200 1791 284 1829 quin,
308 1791 361 1823 ubi
385 1801 448 1823 non
470 1801 550 1823 vera
573 1794 625 1823 est
640 1791 839 1828 exclamatio,
862 1792 975 1831 copula
997 1792 1103 1831 utique
1121 1792 1299 1823 advocatur
1322 1793 1409 1823 velut
1423 1793 1539 1823 Heaut.
1563 1794 1624 1823 249
1645 1791 1780 1821 Factum
1803 1801 1823 1820 a
1845 1791 1937 1821 nobis

197 1831 341 1864 stultest.
387 1834 468 1865 Hec.
493 1836 554 1865 624
585 1841 663 1862 nam
686 1831 792 1862 hercle
812 1831 867 1861 abs
893 1834 922 1861 te
948 1833 1106 1867 factumst
1127 1832 1276 1872 turpiter,
1306 1834 1381 1866 ibid,
1405 1836 1477 1866 857,
1522 1833 1612 1862 Bene
1631 1833 1765 1874 factum
1787 1836 1818 1863 et
1839 1833 1936 1873 volup

197 1876 256 1904 est.
303 1876 357 1907 Sic
381 1876 479 1907 etiam
502 1876 564 1907 Ad.
587 1877 649 1907 955
673 1874 828 1904 dictumst
848 1884 920 1903 vere
941 1877 973 1904 et
993 1885 1027 1904 re
1048 1876 1119 1913 tpsa
1132 1875 1219 1914 fieri
1237 1878 1365 1914 oportet,

354 1917 538 1949 Cavendum
560 1920 669 1949 autem
693 1919 744 1949 est
766 1917 799 1948 in
820 1917 880 1948 hoc
903 1927 1031 1957 genere,
1056 1927 1124 1949 cum
1147 1918 1227 1949 talia
1249 1927 1311 1949 non
1334 1928 1407 1949 raro
1431 1928 1488 1957 per
1511 1919 1726 1951 accusativum
1749 1918 1934 1958 efferantur,

196 1968 236 1992 ne
260 1960 360 1993 verbo
387 1960 487 1992 subst.
512 1959 703 1992 assumendo
730 1959 846 1998 ubique
872 1960 1096 1992 nominativum
1120 1965 1247 1992 exstare
1271 1964 1425 2000 putemus,
1455 1962 1538 2000 quod
1563 1962 1624 1993 iam
1647 1962 1766 1994 monuit
1787 1962 1934 2001 Ritschl„

195 2002 249 2041 qui
276 2003 296 2035 l.
321 2002 343 2035 1.
372 2003 540 2036 contendit
562 2002 652 2035 Triu.
675 2002 731 2039 IV,
755 2005 783 2034 3.
808 2005 847 2034 29
871 2001 1018 2041 Nequam
1041 2001 1165 2041 quidem
1196 2014 1257 2035 non
1285 2013 1357 2036 esse
1386 2014 1443 2044 pro
1474 2012 1620 2041 :nequam
1649 2005 1681 2037 id
1709 2005 1832 2042 quidem
1862 2008 1934 2044 est=,

194 2046 279 2085 quod
302 2046 487 2078 admisisset
506 2046 718 2083 Hermannus,
741 2045 799 2077 sed
822 2045 1039 2077 accusativum
1063 2055 1133 2078 esse
1156 2047 1299 2078 neutrius
1322 2047 1450 2085 generis
1472 2047 1513 2078 ad
1536 2056 1641 2079 eorum
1666 2056 1794 2086 prorsus
1829 2048 1935 2080 simili-

194 2088 349 2127 tudinem,
379 2097 463 2136 quae
494 2088 740 2128 praecederent,
769 2088 903 2120 :Morem
925 2088 1118 2127 improbum=.
1163 2089 1287 2128 Itaque,
1317 2089 1344 2120 si
1367 2089 1509 2121 videmus
1531 2090 1648 2122 Heaut.
1673 2092 1734 2122 530
1761 2089 1934 2120 Hominem

188 2130 333 2171 ptlvtn'no
356 2130 504 2170 dignum.
549 2132 675 2163 Phorm.
702 2133 763 2162 134
784 2128 974 2169 jocularem
996 2129 1172 2159 audaciam.
1196 2132 1270 2162 ibid.
1287 2135 1347 2162 259
1364 2131 1529 2171 Artficem
1539 2131 1674 2170 probum
1684 2131 1713 2172 2)
1736 2136 1808 2172 etc„
1831 2143 1933 2166 nonne

193 2174 398 2208 verisimilius
420 2174 519 2207 Andr.
544 2174 605 2206 589
635 2171 699 2202 vah
729 2170 900 2202 consilium
927 2170 1090 2205 callidum.
1119 2172 1195 2206 ibid.
1220 2176 1280 2205 365
1304 2183 1350 2214 sq.
1394 2172 1494 2204 Nihil
1517 2173 1635 2209 ornati
1665 2173 1755 2205 nihil
1781 2173 1935 2206 tumulti:

191 2216 329 2249 accessi:
350 2215 438 2245 intro
459 2215 603 2255 aspexi::
617 2214 709 2245 Scio.-
737 2214 742 2255 Ι
775 2215 940 2253 Magnum
955 2214 1086 2254 sagnam
1099 2227 1117 2247 ::
1130 2215 1222 2244 Num
1239 2237 1245 2244 .
1264 2237 1270 2243 .
1288 2237 1294 2244 .
1318 2217 1357 2247 de
1374 2218 1557 2249 accusativo
1573 2225 1664 2255 quam
1686 2219 1724 2250 de
1740 2219 1933 2251 nominativo

398 2283 409 2301 t

347 2308 369 2339 ¹)
386 2281 490 2342 HssmD,
508 2315 572 2334 corr.
591 2306 635 2334 D¹.

346 2342 370 2374 ³)
387 2342 428 2370 Π.
446 2350 506 2369 cnm
524 2341 600 2369 libris
619 2341 683 2369 call.
703 2341 736 2368 :0
756 2340 885 2368 artificem
903 2340 1037 2374 probum=;
1056 2340 1104 2368 ned
1117 2341 1175 2374 >=0=‚
1194 2342 1264 2374 quod
1282 2349 1328 2369 nec
1345 2342 1434 2370 Bemb.
1451 2342 1531 2370 habet
1547 2351 1597 2371 uec
1614 2343 1681 2371 Don.
1698 2352 1747 2371 nec
1770 2345 1844 2373 serv.
1862 2346 1932 2372 eius-

192 2378 251 2404 dem
269 2381 312 2403 ent
329 2377 543 2409 interpolatoris,
562 2376 607 2408 qui
625 2376 653 2401 iu
672 2376 765 2401 eodem
785 2382 867 2401 versu
886 2380 945 2408 :tu-,
965 2376 1034 2407 quod
1053 2376 1118 2401 item
1137 2384 1186 2401 nec
1203 2376 1292 2402 Bemb.
1311 2384 1360 2402 nec
1377 2377 1443 2402 Don.
1462 2382 1614 2411 agno-cunt,
1633 2379 1813 2411 interpolavit.
