2114 2736
136 262 138 265 “
204 259 341 298 apparet
363 264 404 296 ex
424 260 631 300 subsequenti
644 261 894 302 interrogafione
916 262 1013 302 :Quid
1034 262 1159 295 facies?
1183 262 1288 294 cedol=

248 208 380 257 &5013
395 214 565 257 'bringenf‘
610 196 803 260 Pamphilum
826 220 933 251 autem
955 219 1063 253 verbis
1081 219 1147 252 illis
1168 228 1230 251 non
1252 197 1410 251 conscium
1432 227 1469 251 se
1490 215 1617 251 consilii
1632 211 1941 257 Qffimvffl.

292 307 301 311 ·“
357 300 483 334 Nullum
511 311 590 334 sane
616 304 776 344 negotium
797 304 932 337 facessit
944 303 1075 337 Phorm.
1094 308 1152 337 411
1179 302 1350 338 Hahahae,
1374 302 1467 333 homo
1493 301 1615 336 suaves,
1645 309 1724 338 cum.
1738 300 1944 334 Dm

204 342 348 376 :suavi’ss
371 345 527 385 scribere3
555 347 613 378 sed
634 347 757 379 inutilis
780 351 831 380 est
851 348 932 380 haec
962 349 1104 386 mutatio,
1135 349 1250 388 quippe
1274 357 1343 380 cum
1365 347 1467 379 :homo
1489 346 1614 379 suaviss-
1635 353 1700 377 non
1725 342 1808 376 iden
1831 343 1944 377 velat

205 388 301 424 atque
323 388 425 420 =homo
448 388 594 428 suavi’s=;
617 400 689 423 nam
711 400 774 423 non
796 391 949 423 habemus
964 392 1217 431 appellationem,
1241 392 1289 422 ita
1310 395 1345 422 ut
1366 390 1488 422 rectius
1510 390 1551 435 de
1574 390 1650 420 =est=
1667 386 1844 427 supplendo
1857 386 1944 427 cogi-

204 432 317 461 temus.
348 429 439 469 Quod
460 432 487 463 si
507 433 578 464 Dzi.
595 433 732 465 eiusdem
754 433 883 466 fabulae
906 443 936 466 v.
956 437 1035 466 1046
1058 431 1188 463 Mulier
1207 431 1337 471 sapiens
1358 441 1400 473 es,
1417 429 1596 461 Nauszkaa
1614 431 1656 463 ad
1671 429 1943 471 comparabu-

204 474 309 509 vocat,
332 473 362 504 h.
386 474 407 505 l.
430 474 495 506 alia
511 478 561 506 est
575 486 637 512 res,
661 485 730 508 cum
751 477 814 508 iam
836 476 1009 516 appellatio
1032 477 1142 509 addita
1165 477 1217 507 sit.
1262 476 1333 507 Huc
1356 475 1521 514 pertinent
1543 474 1641 506 etiam

357 516 482 548 Phorm.
507 521 567 550 526
590 517 752 552 Minume,
776 518 855 548 dum
877 518 913 548 ob
936 528 1002 548 rem
1019 532 1036 551 :2
1054 517 1279 548 Sterculinum
1296 530 1313 549 ες
1330 516 1451 550 Dorio„

357 559 438 591 Eun.
462 561 523 593 806
589 560 700 591 Meam
722 571 860 592 sororem
890 572 908 595 ιε
930 561 976 592 Os
997 561 1118 591 durum
1135 574 1152 593 2:
1170 560 1279 594 Miles,
1303 569 1393 589 nunc
1413 559 1492 589 adeo
1514 558 1601 589 edico
1624 558 1689 592 ttth

360 603 475 634 Heaut.
500 607 559 635 223
589 603 731 633 Astutus
747 618 753 637 :
770 614 812 634 ne
833 603 891 634 ille
912 604 980 634 hau
1002 604 1068 639 scit,
1092 612 1189 644 quam
1212 603 1297 633 mzhz'
1314 612 1404 632 nunc
1424 601 1525 632 surdo
1547 603 1666 632 narret
1673 599 1845 642 fabulam.

207 644 365 676 :Astutusz
379 653 448 677 'non
470 646 551 678 idem
581 650 632 679 est
654 650 748 687 atque
771 649 917 680 :Astutus
941 652 1011 685 est=‚
1045 649 1102 679 sed
1125 648 1300 679 subiectum
1324 650 1375 678 est
1404 646 1629 685 subsequentis
1658 644 1819 677 enuntiati
1842 630 1964 684 atque*

207 686 240 719 id
262 696 302 719 cx
323 689 491 727 perspicua
518 691 644 722 ratione
672 691 705 722 in
727 690 795 731 ipso
824 691 927 725 initio,
946 691 1091 731 positum,
1119 693 1154 722 ut
1180 699 1237 722 nos
1261 689 1392 722 dicimus
1424 688 1510 727 „Der
1532 686 1743 727 Schlaukopf!
1774 697 1811 720 er
1832 688 1941 719 merkt

208 730 402 771 wahrhaftig
424 731 510 763 nicht
533 733 613 765 etc.“
640 734 686 765 Cf.
710 734 806 765 etiam

359 775 456 805 Andr.
480 777 541 805 844
565 785 610 814 sq.
633 774 752 808 Scelus,
773 773 778 813 Ι
800 774 979 813 Quemnam
1001 774 1052 804 hic
1073 773 1249 813 laudat?¹)

208 814 357 855 Sequitur
378 816 502 849 Phorm.
527 820 589 849 324
614 816 642 847 O
663 816 717 846 vir
726 817 835 857 sortzs
857 819 953 856 atque
974 816 1119 846 amicus!

207 859 288 889 Don.
312 859 384 889 adn.
402 872 409 889 :
429 860 671 895 „nominativum
694 870 750 900 pro
773 861 921 892 vocativo
945 858 1079 899 posuit.“
1126 860 1215 899 Quod
1236 862 1325 891 recte
1341 868 1376 890 se
1399 860 1513 897 habet;
1537 868 1610 890 nam
1633 860 1764 890 constat
1785 857 1870 889 haud
1891 857 1955 889 in·-

207 900 392 939 frequenter
422 902 660 939 nominativum,
692 903 746 934 ubi
777 913 837 935 non
869 905 919 934 est
950 912 1044 934 casus
1073 900 1208 933 subiecti
1238 902 1294 933 sed
1326 901 1508 933 nominandi
1536 904 1674 938 tantum,
1703 910 1761 940 pro
1790 899 1940 932 vocativo

207 941 320 981 poni.2)
363 944 510 975 Ceterum
533 944 644 976 videas
667 946 748 977 Eun.
772 949 832 977 650
855 944 882 974 O
901 944 1009 983 festus
1031 944 1119 974 dies!
1142 943 1248 978 amice,
1272 942 1366 973 salve.
1412 943 1513 976 Stich.
1534 944 1572 982 V,
1596 947 1625 976 6.
1651 947 1668 976 3
1693 941 1794 972 Meus
1814 939 1938 976 oculus,

207 983 250 1014 da
271 984 359 1014 mzhz'
380 985 540 1015 suavium.
586 988 674 1019 Asin.
704 989 763 1025 ΙΙΙ,
787 991 816 1019 3.
842 991 881 1019 74
911 988 968 1016 Da
997 996 1085 1016 meus
1110 986 1236 1020 ocellus,
1261 995 1331 1015 mea
1354 995 1434 1020 rosa,
1465 985 1516 1015 mi
1538 985 1656 1020 anime,
1689 994 1759 1015 mea
1780 984 1939 1024 voluptas.

207 1028 281 1060 ibid.
304 1029 364 1066 ΙΙΙ,
389 1033 417 1061 3.
437 1031 493 1060 101
520 1028 720 1063 Mz'Lzbane
744 1029 863 1059 ocellus
877 1039 1006 1063 aureus,
1031 1029 1151 1058 donum
1168 1029 1325 1067 decusque
1339 1027 1467 1062 amoris,
1493 1032 1556 1060 etc.
1601 1030 1806 1068 Nequaquam
1828 1030 1938 1059 aute-

207 1080 275 1109 cop.
291 1071 493 1103 desideratur
508 1081 609 1111 neque
627 1073 749 1105 omnino
772 1073 846 1104 addi
861 1076 976 1112 potest,
1000 1073 1027 1104 si
1049 1072 1110 1105 :vir
1131 1072 1153 1103 f.
1177 1075 1272 1111 atque
1295 1081 1338 1103 a.=
1362 1072 1462 1103 verba
1485 1071 1518 1103 in
1534 1080 1612 1103 casu
1627 1070 1811 1104 nominandi
1832 1069 1941 1110 posit·

208 1116 294 1148 sunt;
324 1123 395 1145 nam
419 1114 571 1146 habemus
601 1116 846 1154 appellationem
868 1118 1001 1152 tantum,
1031 1125 1092 1146 non
1114 1115 1260 1145 iudicium
1283 1124 1341 1152 per
1370 1114 1633 1145 exclamationem
1655 1114 1787 1152 factum,
1817 1116 1854 1144 ut
1876 1114 1939 1149 est,

207 1155 235 1186 si
257 1156 444 1193 Bentleium,
467 1157 580 1188 Fleck.
604 1160 638 1188 et
659 1157 728 1189 Dzi.
752 1157 852 1189 secuti
875 1157 1006 1198 legimus
1030 1158 1071 1189 :O
1095 1157 1144 1189 vir
1166 1157 1259 1189 fortis
1282 1159 1379 1195 atque
1403 1155 1554 1189 amicu's=.

361 1199 460 1229 Casus
483 1200 649 1230 vocativus
673 1203 781 1230 exstat

359 1241 443 1273 Eun.
467 1244 527 1274 579
551 1251 596 1281 sq.
619 1240 730 1272 adnuo
749 1240 753 1280 Ι
778 1240 910 1272 Terram
933 1241 1066 1271 intuens
1088 1240 1225 1270 modeste
1240 1255 1258 1272 ::
1275 1240 1383 1269 Miser
1398 1254 1415 1272 z:
1432 1241 1502 1279 Ego
1518 1266 1525 1272 ,
1544 1266 1551 1272 .
1569 1263 1575 1269 .
1594 1265 1602 1272 .

360 1284 471 1315 Adhuc
493 1284 591 1324 igitur
605 1285 718 1317 nullum
735 1285 886 1317 habemus
902 1285 1077 1324 exemplum
1100 1284 1231 1323 copulae
1254 1284 1286 1315 in
1309 1284 1368 1315 tali
1384 1284 1565 1316 sententiae
1589 1284 1775 1316 condicione
1792 1283 1941 1315 omissae.

208 1327 271 1357 Sed
293 1326 354 1356 iam
377 1326 540 1357 videamus
564 1328 623 1358 Ad.
648 1331 709 1358 852
732 1326 895 1355 Derides?
914 1327 1120 1364 fortunatus,
1144 1324 1206 1366 qm·
1223 1325 1283 1354 isto
1305 1324 1415 1355 animo
1436 1324 1507 1356 sies.

359 1369 506 1407 Plerique
536 1370 569 1401 in
601 1371 721 1401 tradita
753 1371 912 1409 scriptura
943 1372 1206 1408 conquieverunt;
1241 1370 1417 1400 Fleckeis.:
1441 1368 1675 1404 :fortunatus-3
1708 1370 1761 1408 Sp.
1795 1369 1942 1401 haesitat

208 1410 407 1443 adscribens:
433 1411 652 1450 „=f0rtunatus‚
669 1413 732 1452 qui:
753 1412 814 1444 wie
830 1413 869 1444 im
885 1413 1084 1444 Deutschen:
1108 1411 1321 1449 Glstffldicher,
1352 1412 1410 1443 der
1432 1412 1491 1443 du.
1504 1411 1548 1442 ..l
1575 1412 1663 1443 Doch
1694 1413 1781 1443 kann
1809 1421 1882 1443 mn
1904 1420 1943 1443 οι

208 1454 290 1484 auch
305 1454 352 1484 als
368 1454 558 1486 fortunatu's
579 1453 617 1494 (f.
642 1454 691 1494 es)
706 1455 869 1488 nehmen.“
897 1456 1045 1487 Olsenum
1060 1464 1122 1487 non
1139 1456 1265 1494 oportet
1288 1454 1428 1486 dicamus
1443 1454 1572 1495 ellipsin
1587 1463 1647 1487 :es=
1670 1454 1762 1487 verbi
1776 1453 1942 1487 stamine.

208 1495 293 1528 Sane
305 1496 391 1529 inest
413 1497 533 1536 aliquid
544 1497 576 1529 in
588 1499 646 1530 hoc
659 1499 811 1538 exemplo,
824 1499 906 1537 quod
917 1499 985 1529 eius
997 1499 1177 1529 sententiae
1188 1497 1315 1536 faveat}
1328 1507 1402 1529 nam
1412 1498 1618 1529 inveniuntur
1631 1498 1780 1535 exempla
1799 1497 1942 1529 eiusde-

209 1541 398 1577 structurae,
422 1540 475 1571 ubi
504 1539 603 1579 prima
625 1550 708 1580 pers.
733 1541 865 1580 copulae
889 1541 1004 1572 omissa
1034 1543 1083 1572 est
1106 1540 1194 1572 velut
1217 1540 1294 1570 Hec.
1319 1542 1381 1571 564
1402 1538 1470 1568 Sed
1488 1548 1544 1578 ego
1565 1537 1709 1573 stultior,
1740 1538 1819 1569 mets
1846 1537 1943 1568 dieti}

208 1579 269 1618 qui
286 1597 325 1601 —
344 1580 511 1620 postulem.
551 1583 639 1614 Mero
663 1584 699 1615 V.
723 1587 752 1615 2.
778 1585 815 1614 79
840 1592 884 1622 sq.
909 1591 964 1621 ego
985 1581 1120 1611 stultior
1142 1580 1145 1622 1
1173 1580 1245 1619 Qui
1270 1580 1329 1610 isti
1345 1581 1480 1610 credam.
1516 1583 1627 1622 Amph.
1650 1582 1730 1623 prol.
1753 1585 1794 1614 56
1815 1591 1865 1622 sq.
1886 1579 1947 1612 sod

208 1631 264 1662 ego
285 1622 426 1657 stultior,
453 1623 455 1663 1
483 1623 592 1662 Quasi
609 1624 744 1654 nesciam
767 1635 821 1654 vos
843 1624 931 1659 velle,
956 1624 1017 1663 qui
1034 1624 1125 1654 diuos
1145 1624 1231 1653 siem.
1255 1625 1319 1656 Mil.
1342 1625 1385 1663 ΙΙ,
1407 1628 1437 1656 4.
1464 1629 1500 1656 17
1515 1634 1561 1665 sq.
1585 1624 1655 1664 Ego
1675 1623 1783 1654 stulta
1800 1625 1834 1654 et
1854 1632 1945 1654 mon

209 1664 358 1699 multum,
384 1665 387 1702 Ι
415 1665 506 1704 Quae
523 1666 661 1703 fabuler,
685 1666 712 1708 3)
736 1669 799 1700 Cic.
824 1669 864 1699 ad
887 1670 954 1700 Att.
978 1668 1033 1705 IV,
1061 1671 1107 1699 15.
1133 1672 1151 1699 6
1173 1676 1228 1705 ego
1251 1666 1388 1705 ineptus,
1412 1666 1474 1705 qui
1490 1666 1680 1706 scnspsen'm.
1707 1669 1783 1700 Hor,
1807 1668 1876 1700 Sat.
1898 1667 1943 1706 Π,

211 1712 240 1740 3.
264 1712 324 1740 236
346 1708 454 1746 segnis
476 1718 531 1747 ego
564 1709 730 1747 mdzgrnus,
765 1710 826 1748 qui
842 1711 971 1738 tantum
989 1709 1183 1748 provideam.
1209 1710 1277 1740 Non
1301 1710 1478 1741 accedente
1501 1710 1566 1742 alia
1586 1710 1807 1743 enuntiatione
1821 1709 1945 1752 legit-r

210 1751 294 1783 Men.
318 1752 371 1787 IV,
395 1754 422 1783 2.
448 1755 487 1783 58
511 1751 562 1781 Ne
583 1761 638 1790 ego
660 1755 782 1782 ecastor
802 1751 921 1782 mulier
941 1752 1081 1781 misera!
1099 1754 1193 1784 Caec.
1217 1752 1330 1792 fragm.
1355 1756 1373 1783 9
1397 1751 1455 1780 sed
1472 1761 1529 1792 ego
1550 1750 1703 1781 stolitus!
1732 1752 1945 1786 Nihilo-lu..

211 1794 306 1826 etiam
329 1794 437 1826 dubito
460 1794 492 1826 in
514 1795 566 1827 illo
589 1805 619 1828 v.
643 1796 701 1828 Ad.
725 1799 786 1828 852
810 1796 1007 1829 omissionem
1032 1797 1163 1835 copulae
1188 1796 1365 1826 admittere.
1412 1796 1553 1834 Namque
1586 1796 1719 1834 primum
1740 1796 1887 1828 videmus
1908 1799 1946 1828 et

210 1837 242 1868 in
265 1846 360 1868 versu
383 1838 435 1868 illo
469 1839 547 1869 Hec.
573 1841 633 1868 564
657 1843 690 1869 et
721 1839 800 1870 locis
833 1838 990 1870 Plautinis
1014 1838 1165 1876 omnibus,
1199 1838 1251 1869 ubi
1285 1847 1374 1869 :sum=
1397 1838 1544 1870 omissum
1567 1840 1626 1870 est.
1656 1847 1799 1878 pronon.
1827 1837 1946 1870 saltn

211 1879 330 1918 primae
352 1889 436 1918 pers.
460 1881 594 1919 positum
618 1889 699 1918 esse,
722 1881 769 1912 ita
791 1884 827 1912 ut
848 1882 878 1912 h.
897 1882 917 1912 l.
941 1884 1000 1912 =tu=
1018 1883 1274 1920 exspectaremus
1296 1880 1448 1911 additum.
1471 1880 1552 1912 Nam
1568 1880 1744 1921 exemplum
1759 1880 1848 1919 iunxi,
1861 1880 1947 1921 qud

211 1925 342 1961 praeter
363 1922 417 1953 illa
441 1923 506 1954 OlS.
531 1923 697 1955 adnotavit
719 1924 785 1954 Mil.
797 1924 840 1961 ΙΙ,
864 1925 892 1953 5.
918 1927 956 1954 33
979 1922 1079 1951 Immo
1100 1924 1219 1951 ecastor
1239 1921 1342 1950 stulta
1356 1921 1507 1955 multum,
1529 1930 1612 1961 quae
1625 1921 1784 1952 vobiscum
1795 1920 1945 1964 fabuler.

211 1964 387 2004 comparari
409 1965 525 2004 nequit,
550 1974 617 1997 cum
641 1966 812 1998 antecedat
833 1966 987 2000 =Mala⁷s=3
1019 1966 1160 2004 pertinet
1181 1965 1279 2004 igitur
1301 1966 1362 1996 hoc
1384 1966 1571 2003 exemplum,
1595 1966 1684 1997 adid
1706 1963 1947 2003 genuum-i·-

212 2007 318 2045 sioniS,
342 2008 394 2038 ubi
415 2008 447 2038 in
470 2008 674 2045 responsione
698 2016 765 2046 cop.
788 2008 953 2046 omittitur,
976 2008 1002 2040 si
1024 2008 1057 2040 in
1080 2008 1184 2048 priore
1208 2007 1372 2040 sententia
1394 2007 1457 2039 iam
1479 2009 1551 2040 erat
1574 2007 1691 2046 posita.
1718 2008 1829 2047 Neque
1850 2008 1945 2041 Pon.

211 2051 253 2089 H,
278 2054 305 2081 3.
330 2054 347 2081 9
371 2048 508 2083 Stultus,
532 2050 593 2089 qui
609 2050 666 2079 hoc
686 2049 736 2079 mi
753 2050 845 2079 daret
860 2052 1041 2089 argentum,
1065 2049 1200 2089 quoius.
1215 2072 1242 2079 ..
1266 2050 1413 2082 idoneum
1435 2055 1485 2082 est
1496 2051 1680 2091 exemplum,
1703 2051 1787 2091 quod
1801 2051 1845 2084 αἱ
1863 2060 1948 2084 0⁰-

212 2093 410 2132 parationem
425 2096 567 2131 vocetur,
590 2103 662 2125 nam
677 2094 816 2125 =stultus:
839 2094 871 2125 in
886 2094 1009 2125 modum
1024 2094 1232 2133 appositionis
1248 2093 1448 2132 coniungitur
1463 2103 1532 2126 cum
1547 2101 1744 2134 praegressa
1762 2094 1946 2127 cantantia:

364 2134 450 2164 Nam
472 2144 548 2164 erus
569 2145 657 2165 meus
679 2145 727 2164 me
748 2135 910 2165 Eretriam
933 2135 1029 2170 misit,
1053 2135 1188 2164 domitos
1210 2135 1298 2164 boves
1319 2135 1376 2163 ute·
1393 2134 1459 2164 sibi
1476 2144 1647 2166 mercarer:

364 2177 468 2207 Dedit
488 2181 677 2217 argentum:
698 2187 774 2207 nam
797 2177 845 2208 ibi
863 2179 1034 2208 mercatum
1056 2177 1144 2207 dixit
1164 2187 1231 2207 esse
1251 2177 1303 2207 die
1323 2177 1471 2217 septimi:

213 2223 358 2253 Ceterum
402 2222 429 2253 si
470 2222 592 2253 omnino
634 2222 707 2259 quid
745 2222 950 2262 supplendum
986 2223 1086 2260 foret,
1129 2232 1168 2253 ex
1208 2222 1333 2253 :daret=
1378 2223 1450 2254 coni
1494 2226 1628 2262 apparet
1663 2232 1726 2255 non
1769 2226 1845 2255 =est·
1888 2223 1949 2255 sed

366 2288 387 2319 ¹)
404 2288 444 2314 Cf.
462 2289 558 2321 Speng.
576 2289 609 2315 ad
627 2287 695 2315 hunc
711 2289 805 2315 locum.

366 2322 386 2353 2)
404 2322 443 2349 Cf.
461 2322 557 2349 Holtze
575 2323 591 2348 l.
609 2323 626 2349 l.
643 2323 657 2348 I
674 2331 735 2356 pag.
753 2324 787 2349 20
804 2331 843 2356 sq.

365 2356 386 2388 ⁸)
403 2356 523 2389 Ritsehl„
541 2357 584 2390 qui
603 2356 751 2383 offendebat
774 2357 801 2383 in
825 2357 975 2389 subfrigida
999 2357 1181 2383 coniunctione
1200 2357 1338 2383 verborum
1363 2357 1433 2383 idem
1452 2357 1668 2389 significantium,
1695 2365 1743 2389 pro
1769 2365 1864 2384 :now
1887 2365 1949 2385 n

213 2391 258 2416 CD
276 2390 384 2423 scripsit
402 2398 523 2423 :moror=;
542 2391 590 2417 sed
607 2391 677 2417 hand
695 2391 751 2417 scio
769 2399 804 2417 an
821 2397 893 2418 recte
912 2390 967 2419 Ols.
986 2391 1045 2418 coll.
1063 2399 1087 2417 v.
1100 2391 1135 2423 Π,
1155 2392 1213 2418 5.33
1232 2390 1314 2416 Immo
1332 2393 1432 2416 ecastor
1448 2391 1553 2416 stulta
1570 2391 1724 2424 muttum,
1741 2391 1949 2424 quamn-

208 2425 315 2457 fabuler
332 2426 467 2459 vulgatam
485 2424 641 2458 scripturam
658 2425 781 2453 retineat.
