2114 2736
166 188 228 220 sibi
250 187 333 220 velit
365 199 428 222 non
449 190 620 231 inteuegm
655 193 805 228 ceterum,
826 192 1049 230 praeterquam
1082 189 1163 228 quod
1183 197 1246 220 non
1277 189 1358 220 satis
1391 189 1589 229 perspicuum
1625 191 1685 227 est,
1716 188 1935 230 qnam

165 231 290 263 Demea
312 232 368 264 ubi
389 233 567 265 Aeschinus
590 233 632 265 sit
654 235 870 272 percontetur,
893 232 987 263 aliam
1010 241 1082 262 esse
1106 230 1253 262 Terentii
1276 231 1309 262 in
1331 231 1508 263 huiusmodi
1535 231 1708 264 sententiis
1738 234 1913 269 consuetur

138 278 141 279 ’
164 273 272 307 dinem
294 274 388 307 verbi
410 275 509 308 subst.
534 275 713 308 collocandi
734 275 795 307 iam
820 274 1034 315 cognovimus.
1045 272 1070 312 ¹)
1099 271 1206 312 Quare
1230 273 1332 306 adhuc
1355 273 1511 306 neminem
1540 273 1642 306 lenius
1664 275 1762 313 atque
1792 270 1906 306 melius

166 317 351 349 sententiae
375 318 559 357 opitulatum
584 327 656 350 esse
680 319 774 349 credo
798 327 888 357 quam
912 316 1108 354 Schoellium,
1132 318 1374 356 praeceptorem
1395 325 1498 348 meum
1521 316 1829 355 venerantissimum,
1852 316 1906 356 qui

148 360 199 399 ‚in
223 360 395 393 seminario
419 361 589 392 occasione
613 362 722 392 oblata
745 361 790 392 sic
813 360 990 391 sribendum
1015 359 1156 390 censuit:

572 402 662 439 Quid
680 402 785 432 tristis
805 401 860 432 es?
883 413 900 432 ::
922 401 1032 440 Rogas
1053 410 1110 435 me,
1134 399 1197 430 ubi
1213 399 1303 430 nobis
1324 399 1507 430 Aeschinus

567 445 623 475 Sz'c
644 447 698 479 est,
722 444 803 484 quid
822 443 927 474 tristis
948 453 1003 482 ego
1025 442 1110 472 sim?
1134 454 1150 474 :t
1174 442 1286 473 Dt'xz'n
1309 442 1367 472 lzoc
1384 442 1519 482 forc?²)

320 490 380 520 Illa
403 498 481 520 vero
505 489 713 527 exemplorum
738 488 864 519 collatio
888 490 940 518 sat
962 496 1079 526 magna
1105 503 1141 507 —
1167 489 1200 518 et
1222 486 1360 518 fortasse
1383 495 1464 518 unus
1488 487 1611 519 aliusve
1634 487 1723 519 locus
1752 497 1802 519 me
1824 488 1904 521 invi-

167 535 233 563 tum
254 532 338 570 fugit
361 548 402 552 -
425 532 518 563 docet
540 532 668 562 verbum
691 540 788 562 =esse=
811 530 946 561 adscisci
970 531 1080 566 solere,
1104 530 1151 560 ita
1174 532 1209 560 ut
1231 530 1284 560 vel
1307 530 1441 560 maxime
1465 530 1673 561 dubitandum
1696 530 1740 561 sit
1757 531 1906 562 Bentleio

165 574 353 613 adstipulari
377 573 530 613 ellipsium
553 583 715 604 numerum
738 572 877 612 augenti,
901 581 969 603 cum
994 572 1082 603 delet
1105 575 1201 603 =sunt:
1224 572 1349 603 Phorm.
1376 574 1435 603 749
1465 570 1530 601 sz'
1548 570 1627 601 illae
1648 572 1758 604 sunt&
1798 573 1905 604 Etiam

164 617 280 648 Heaut.
305 619 365 647 829
396 616 463 647 sine
493 617 590 647 verbo
621 616 749 646 scribit:
779 613 842 644 Ubi
864 612 1005 652 Clitipho
1028 622 1117 642 nunc
1126 614 1150 645 ἓ,
1196 614 1398 653 Aliquamdiu
1420 614 1546 651 quidem
1569 614 1643 646 mihi
1666 615 1797 654 placuit,
1821 616 1904 654 quod

164 668 272 690 mune:
293 659 493 698 particulam,
516 667 607 696 quam
631 659 787 696 praebent
810 662 939 697 praeter
961 658 1118 688 Donatum
1143 655 1283 688 BCEFP
1307 657 1451 695 retinuit,
1474 657 1522 688 ita
1544 660 1588 696 ut,
1612 667 1680 689 cum
1711 661 1784 689 :est=
1807 660 1904 691 verbo

164 702 246 733 nullo
270 704 364 740 pacto
388 710 501 732 carere
523 701 686 746 possimus,
711 700 778 731 coll.
803 700 901 731 Andr.
928 703 988 730 598
1012 700 1212 731 scribendum
1237 709 1308 730 esse
1333 703 1495 738 putarem:

141 746 144 749 '
466 740 524 772 OEt
547 742 634 771 nu'nc
653 743 702 771 est
727 741 895 781 Clt'tz‘plzo?
937 734 1055 771 Eccum
1079 750 1136 775 me,
1159 741 1258 780 inque
1281 752 1298 771 :z
1322 741 1439 771 Eccum
1462 741 1513 773 hic
1536 741 1599 771 tz'bz'
1617 753 1634 773 :z

163 795 235 816 nam
251 787 345 816 etiam
362 787 394 816 id
410 787 491 823 quod
507 786 588 816 falso
604 787 740 823 praebet
757 786 864 816 Bemb.
882 785 983 815 HINC
1001 794 1064 815 non
1080 785 1182 823 magis
1198 784 1327 814 accedit
1343 785 1384 815 ad
1399 785 1473 815 :hic2
1489 793 1580 822 quam
1597 786 1639 817 ad
1655 794 1761 817 =nunc=
1773 794 1903 825 >vocem3

162 828 357 861 recentiores
385 838 462 860 vero
482 838 589 860 omnes
605 826 647 860 D¹
659 826 700 860 G¹
718 828 820 861 secuti
836 828 993 859 scribunt:
1023 826 1088 857 Ubi
1103 825 1246 863 Clz'tzpho
1268 825 1320 855 lu‘c
1342 827 1414 855 est?
1433 838 1449 857 2:
1467 827 1584 856 Eccum
1598 853 1605 858 ,
1620 853 1625 858 .
1642 851 1659 860 .,
1684 839 1775 866 quam
1792 839 1902 859 veram

162 878 234 903 esse
258 870 444 911 scripturam
467 870 552 902 haud
576 872 767 903 cunctanter
791 869 866 903 mihi
889 869 1041 911 persuasi,
1067 879 1136 903 cum
1160 868 1309 902 vidissem
1334 868 1366 903 in
1390 869 1483 903 simili
1506 870 1575 904 loco
1600 870 1700 904 Andr.
1722 874 1783 904 965
1807 870 1902 902 Pam-

156 912 273 950 philus
300 913 432 940 ubinam
454 914 505 941 ln'c
526 913 604 950 est?,
639 923 707 944 cum
742 915 841 944 ceteri
865 915 897 943 ll.
921 922 1027 943 omnes
1063 917 1096 942 et
1126 914 1205 943 Don.
1238 921 1357 951 quoque
1388 913 1461 943 =hic:
1494 914 1684 952 praebeant,
1715 914 1900 945 Bembinum

161 955 271 988 eadem
295 964 356 995 qua
380 956 486 996 priore
510 956 580 988 loco
604 956 788 996 corruptela
810 956 1002 988 maculatum
1026 964 1107 987 esse.
1132 971 1173 975 —

313 999 451 1030 Fallitur
474 999 612 1030 Olsenus
636 1000 812 1036 exemplum
835 999 1011 1030 omissionis
1035 1002 1164 1029 exstare
1188 998 1384 1029 contendens
1409 999 1503 1030 etiam

324 1042 448 1073 Phorm.
472 1044 533 1073 484
557 1039 724 1070 Phaedrm
747 1040 811 1070 tz'bt'
829 1040 920 1070 adest
942 1052 958 1070 ::
988 1040 1149 1070 Ubinam?
1172 1049 1188 1069 z:
1213 1040 1330 1069 Eccum
1353 1040 1392 1069 ab
1415 1049 1476 1069 sua
1493 1040 1722 1080 palaestra...

162 1084 249 1122 Nam,
274 1093 344 1116 cum
361 1084 534 1116 antecedat
556 1084 671 1117 :adest-
694 1085 834 1122 verbum,
858 1087 931 1116 :est=
956 1084 995 1116 ad
1020 1084 1176 1116 =Ubinam:
1199 1094 1258 1115 nee
1283 1085 1404 1116 calamo
1428 1095 1489 1116 nec
1512 1088 1619 1116 mente
1636 1087 1814 1117 addendum
1839 1092 1899 1124 est,

162 1127 304 1158 similiter
328 1136 375 1164 ac,
409 1128 436 1158 si
460 1136 515 1158 nos
550 1127 695 1158 dicimus:
723 1129 803 1165 „Du,
836 1127 974 1159 Phadria
1005 1127 1047 1158 ist
1070 1127 1126 1159 da!
1152 1134 1167 1153 :t
1195 1127 1253 1159 Wo
1278 1126 1413 1165 denn?''‘,
1449 1137 1537 1160 nemo
1572 1127 1691 1166 aliquid
1725 1128 1898 1162 desideret.

162 1168 366 1208 Quantopere
396 1174 500 1200 autem
530 1172 699 1201 Terentius
733 1172 764 1200 in
788 1171 851 1200 alia
875 1171 1059 1200 condicione
1084 1171 1215 1200 vei-buin
1250 1179 1321 1199 esse
1347 1171 1520 1210 adiungere
1543 1171 1657 1211 soleat,
1692 1172 1835 1202 videmus
1860 1181 1900 1204 ex

161 1210 216 1244 illo
231 1211 299 1244 loeo
316 1211 432 1244 Heaut.
449 1214 510 1244 430
533 1209 701 1242 Ubinamst
716 1222 830 1251 quaeso
841 1210 864 1250 ἶ),
880 1212 933 1244 ubi
949 1213 1145 1251 praecedunt
1160 1213 1261 1244 verba
1277 1213 1386 1244 =Valet
1401 1217 1497 1249 atque
1514 1214 1617 1248 vivit=‚
1635 1216 1675 1245 ad
1691 1224 1782 1252 quem
1798 1216 1899 1245 addas

516 1256 632 1287 Heaut.
658 1258 717 1287 375
742 1262 787 1293 sq.
812 1253 880 1284 Sed
899 1263 994 1295 quam
1018 1253 1077 1284 cito
1099 1255 1180 1284 sunt
1202 1255 1386 1285 consecutae
1410 1253 1587 1286 mulieres!

775 1308 792 1326 t:
822 1297 880 1326 sz
903 1297 1006 1324 sunt?
1028 1306 1108 1335 quor
1129 1296 1268 1324 retines?

161 1339 260 1377 Idem,
284 1339 365 1376 quod
388 1339 427 1371 de
449 1340 573 1371 Phorm.
598 1350 627 1371 v.
651 1343 712 1371 484
737 1340 879 1377 diximus,
905 1340 992 1370 cadit
1014 1340 1047 1370 in
1070 1340 1200 1371 similem
1225 1340 1363 1371 eiusdem
1388 1341 1514 1372 fabulae
1539 1343 1639 1373 locum
1664 1352 1693 1373 v.
1718 1347 1779 1373 820
1803 1351 1849 1379 sq.

1151 1380 1207 1412 sed
1228 1380 1306 1415 scin,
1330 1381 1391 1412 ubi
1407 1382 1451 1412 sit
1474 1392 1563 1413 nunc
1584 1383 1648 1413 tibi

414 1424 488 1453 Tua
509 1424 665 1463 Bacchis?
688 1436 704 1454 :2
729 1425 834 1464 Apud
854 1434 913 1454 nos
936 1435 952 1454 :z
978 1425 1054 1454 iVon
1078 1435 1094 1454 :2
1124 1424 1188 1455 Ubi
1205 1424 1302 1463 ergo?
1325 1436 1341 1455 :2
1365 1424 1469 1464 Apud
1493 1425 1642 1456 Cliniam.

160 1467 224 1504 ubi,
248 1476 318 1498 cum
342 1469 407 1498 :sit=
429 1468 667 1505 praemittatur,
692 1476 748 1504 per
771 1471 870 1498 totum
895 1468 1126 1498 sententiarum
1150 1477 1263 1498 nexum
1286 1469 1414 1499 verbum
1438 1478 1531 1500 =esse=
1555 1471 1702 1502 sentitur.
1727 1486 1766 1490 —

314 1510 492 1543 Rarissima
515 1510 613 1550 igitur
635 1511 667 1542 in
691 1512 751 1542 hoc
774 1521 895 1550 genere
919 1511 1201 1550 interrogationum
1225 1511 1432 1542 ommissionis
1456 1514 1600 1551 exempla
1622 1517 1762 1551 exstant,
1787 1519 1898 1553 utpote

159 1561 230 1585 cum
253 1553 286 1585 in
309 1555 378 1585 toto
402 1553 553 1585 Terentio
577 1553 637 1585 duo
660 1556 781 1586 tantum
804 1553 1028 1591 invenerimus,
1054 1561 1183 1591 quorum
1206 1562 1300 1585 unum
1323 1552 1406 1586 =‘Ubi
1422 1552 1549 1587 fides'?=
1577 1556 1736 1594 proverbii
1760 1557 1898 1595 speciem

156 1605 237 1636 prae
260 1605 296 1627 se
319 1596 384 1627 fert
409 1595 465 1635 (cf.
489 1597 566 1628 illud
588 1597 784 1628 vernaculae
808 1597 938 1636 linguae
964 1597 1080 1634 „Tr-au,
1105 1597 1211 1634 schau,
1236 1595 1366 1634 wem2⁷⁷)
1378 1596 1415 1634 ³),
1450 1598 1583 1630 alterum
1607 1599 1680 1631 :Ubi
1703 1599 1756 1631 alii
1767 1600 1795 1631 P:
1828 1609 1899 1631 con-

156 1639 245 1670 cisae
269 1639 405 1670 orationi
429 1640 591 1676 vaniloqui
625 1640 799 1670 'Phrasonis
822 1648 890 1671 cum
920 1640 1092 1678 imperiosa
1116 1639 1287 1670 iactatione
1321 1640 1431 1678 copias
1454 1648 1528 1672 suas
1557 1640 1745 1673 instruentis
1775 1651 1899 1675 accom-

155 1682 315 1713 modatum
339 1684 399 1712 est.
424 1682 520 1712 Cuius
544 1682 677 1712 rationis
701 1682 892 1712 confidentia
915 1685 1060 1720 augetur,
1085 1683 1168 1717 quod
1192 1682 1287 1712 etiam
1313 1683 1394 1712 aliae
1418 1683 1548 1721 ellipses
1578 1684 1610 1714 in
1634 1686 1742 1715 eodem
1774 1694 1897 1716 conexu

157 1723 380 1763 reperiuntur3
404 1724 444 1756 cf.

312 1776 342 1797 v.
369 1769 429 1797 774
453 1775 498 1803 sq.
852 1765 892 1794 ln
916 1765 1055 1794 medium
1078 1766 1139 1794 huc
1162 1774 1276 1803 agmen
1299 1774 1368 1794 cum
1392 1766 1479 1799 vecti,
1504 1767 1643 1804 Dama,-

496 1807 528 1836 Τ
522 1818 555 1841 u,
580 1808 727 1840 Simalio,
753 1807 788 1836 z'n
811 1807 983 1836 sinistrum
1007 1817 1139 1836 cornum
1149 1819 1159 1837 ,·
1182 1809 1219 1836 lu
1243 1808 1375 1845 Sivrtssrce,
1400 1808 1436 1836 in
1460 1809 1637 1838 dexterum.

312 1851 429 1883 Verum
460 1850 622 1932 egimvero
647 1851 678 1883 in
709 1851 774 1882 alia
804 1851 986 1883 sententiae
1016 1850 1198 1882 condicione
1230 1852 1381 1883 habemus
1412 1857 1444 1883 et
1474 1853 1653 1886 :Ubinamst
1682 1855 1835 1894 fides‘3.›⁴)
1860 1861 1894 1888 et

154 1894 230 1926 =Ubi
253 1894 329 1925 illae
352 1895 461 1925 sunt2=
526 1910 566 1914 —-

309 1937 378 1968 Iam
401 1937 442 1968 de
465 1936 530 1968 illis
554 1936 729 1968 enuntiatis
745 1940 871 1975 agatur,
895 1947 975 1974 quae
1000 1947 1019 1967 a
1041 1947 1127 1976 pron.
1152 1939 1382 1977 interrogativo
1398 1939 1563 1977 incipiunt,
1587 1942 1684 1977 atque
1700 1942 1798 1979 primo
1822 1942 1893 1973 Ioco

152 1979 335 2012 nominetur
364 1979 425 2011 Ad.
450 1982 512 2011 883
543 1977 627 2017 Quzk·
648 1977 775 2010 homo?
821 1979 999 2011 Mirandum
1026 1988 1102 2011 sane
1133 1983 1183 2012 est
1212 1981 1342 2012 verbum
1364 1983 1439 2013 :est=
1462 1981 1513 2013 hic
1541 1981 1687 2014 omissum
1711 1993 1792 2021 esse,
1824 1994 1894 2016 cum

152 2022 325 2055 Terentius
348 2032 411 2055 non
434 2023 524 2054 modo
547 2023 580 2054 in
604 2022 747 2062 pleniore
771 2022 934 2054 sententia
955 2022 1002 2054 uti
1026 2031 1062 2054 eo
1087 2024 1191 2055 soleat
1213 2024 1300 2056 velut
1326 2025 1407 2056 Eun.
1433 2027 1494 2056 676
1525 2023 1608 2063 Quis
1629 2023 1681 2062 hic
1707 2027 1757 2056 est
1782 2025 1894 2060 homo?

151 2066 279 2098 Phorm.
301 2069 361 2097 991
390 2064 475 2103 Quis
496 2064 549 2093 hic
569 2064 716 2095 homost?
740 2067 822 2096 Eun.
845 2067 908 2095 804
938 2064 1021 2102 Quis
1043 2067 1080 2093 tu
1097 2065 1244 2104 homo's‘?‚
1268 2068 1323 2097 sed
1341 2068 1437 2098 etiam
1460 2069 1513 2099 illo
1529 2068 1597 2099 loco
1618 2073 1753 2108 excepto
1770 2079 1894 2110 semper

150 2108 239 2140 dicat
261 2108 345 2146 :quis
367 2109 491 2140 homost
502 2108 539 2146 ?=‚
566 2108 605 2139 cf.
630 2108 729 2139 Andr.
755 2111 826 2139 344.
852 2109 923 2138 965.
948 2109 1025 2147 9743
1056 2109 1135 2140 Eun.
1160 2110 1235 2148 9763
1260 2110 1381 2141 Phorm.
1408 2112 1478 2141 375.
1523 2112 1568 2142 At
1591 2115 1697 2143 tamen
1729 2113 1819 2144 nimis
1843 2117 1894 2145 est

306 2191 326 2224 ¹)
346 2193 448 2219 Videas
468 2193 590 2226 exempla
608 2201 689 2225 snpra
707 2193 796 2218 allata.

305 2226 329 2258 ²)
347 2227 387 2253 Cf.
407 2227 489 2252 etiam
508 2227 575 2253 Eun.
594 2228 645 2252 408
663 2227 745 2251 Immo
763 2227 802 2250 sit:
818 2226 924 2251 homost.
958 2227 1019 2252 ibid.
1039 2228 1088 2251 655
1113 2226 1215 2251 Limam
1233 2228 1271 2251 sic
1294 2228 1356 2258 sint,
1383 2229 1428 2259 qni
1446 2229 1509 2253 mihi
1533 2229 1597 2254 male
1614 2229 1709 2256 volunt.
1738 2236 1765 2257 et
1791 2232 1893 2258 phorm.

141 2262 208 2314 ‘⁵2⁷'
227 2262 292 2335 fiec-
304 2260 555 2328 ’ΐδῧὶᾼὸἶοιῗὲἃεᾱ
574 2295 642 2335 hunc
660 2294 758 2335 locum:
779 2294 837 2325 „Da
856 2298 920 2320 :est:
939 2293 966 2319 in
986 2294 1071 2333 dieser
1091 2295 1233 2327 Wendung
1252 2297 1323 2322 iifter
1335 2297 1409 2329 fehlt,
1429 2297 1500 2323 sieht
1512 2306 1579 2330 man,
1598 2299 1659 2325 dass
1680 2307 1708 2325 es
1722 2300 1779 2325 eine
1793 2300 1892 2333 sprich-

147 2330 284 2356 wortliche
301 2329 457 2356 Redonum
474 2336 530 2355 war
549 2327 637 2362 (Ovld.
658 2332 737 2362 epist.
755 2328 801 2357 VI.
820 2330 865 2361 415
885 2329 951 2354 Cato
971 2329 1013 2355 bei
1032 2329 1100 2355 Geli.
1119 2328 1149 2359 X,
1168 2329 1217 2360 3).“

303 2364 326 2395 ⁴)
343 2364 442 2390 Heaut.
461 2364 521 2389 256.

302 2397 323 2430 ἔ·)
340 2398 446 2424 Phorm.
465 2399 523 2424 749.
