2114 2736
131 197 133 199 Ι
181 130 282 195 quod
313 152 446 194 insuper
475 153 573 187 facile
605 156 789 192 excusatur,
823 164 896 187 uam
924 154 1052 187 videtur
1083 163 1178 194 =quae
1211 154 1313 186 factm
1341 152 1374 184 in
1401 150 1562 184 cotidiano
1590 128 1857 195 usuff'fomlcfefss

165 196 350 229 ‘naturam
381 196 510 235 abiisse,
544 197 660 238 qnippe
688 206 758 230 cum
790 198 887 230 etiam
910 197 994 236 apud
1016 197 1162 229 Plautum
1184 197 1267 228 haec
1296 195 1416 235 ellipsis
1446 194 1533 226 inter
1561 203 1612 231 ea,
1644 192 1684 225 de
1715 190 1829 232 quibus

200 238 322 279 agitur,
353 239 532 271 omissionis
562 240 708 280 exempla
739 249 796 279 pro
826 242 899 271 rata
929 241 1022 279 parte
1044 239 1154 270 mirum
1187 241 1335 277 quantum
1371 245 1500 269 numero
1531 235 1739 275 praeconum⁴
1755 234 1803 267 sic
1831 234 1939 269 Pium..
1976 251 1979 253 -

200 282 316 322 Amph.
343 283 388 321 II,
417 286 445 314 l.
475 284 533 314 147
572 281 605 311 T
598 291 622 311 u
645 281 707 321 qui
724 290 807 321 quae
824 281 915 318 facta
938 280 1089 320 infitiare,
1120 289 1212 319 quem
1235 290 1291 320 ego
1316 279 1368 309 hic
1395 277 1579 308 convincam
1600 275 1730 317 palam3
1762 277 1839 309 item
1861 276 1937 323 ibid.

200 325 228 363 Ι,
252 328 282 357 2.
308 328 356 356 12.
389 326 431 363 Π,
458 329 485 356 1.
510 327 559 357 25.
585 326 623 364 V,
650 329 676 357 1.
702 330 733 364 33
758 326 798 357 cf.
832 326 926 357 etiam
950 325 1087 355 eiusdem
1112 325 1242 355 fabulae
1266 333 1294 356 v.
1325 325 1367 362 ΙΙ,
1394 326 1419 353 l.
1444 325 1483 353 23
1517 320 1633 350 Verum
1662 318 1759 349 haud
1789 320 1936 354 mltos,

201 376 317 407 resque
338 366 396 397 uti
403 367 505 406 facta
528 366 610 403 dico;
633 368 776 400 similiter
798 377 890 406 :quae
914 367 1030 398 futura:
1053 376 1110 398 om.
1136 367 1246 406 copula
1269 366 1386 398 dicitur
1409 365 1527 396 Bacch.
1548 364 1609 401 111,
1631 365 1661 395 4.
1681 365 1718 394 12
1742 366 1776 395 et
1797 363 1852 394 illo
1868 363 1938 396 loco

202 411 315 451 Amph.
339 411 377 449 V,
404 414 430 442 1.
455 413 484 442 3.
508 410 650 449 Quanam
673 411 772 451 igitur
794 410 908 441 fiducia
931 410 1095 440 credamus
1115 409 1231 440 Olseno
1256 410 1385 440 verbum
1408 408 1508 439 subst.
1526 407 1565 438 ab
1588 407 1656 445 ipso
1678 408 1777 446 poeta
1792 406 1937 437 omissum

189 462 276 487 ⁴esse
300 454 396 487 etiam
419 455 479 486 hoc
501 454 585 486 loco:

457 497 539 528 Eun,
564 499 622 527 651
648 505 692 534 sq.
1005 493 1051 522 in'
1073 493 1151 522 hinc
1172 502 1234 532 quo
1257 492 1378 532 digmus
1400 500 1472 521 cum
1495 490 1591 521 dom&
1613 490 1682 521 tuis

717 537 795 565 Tam
818 535 953 573 lepidzk‘?

201 581 305 613 Recte
330 590 379 613 vv.
404 581 489 612 docti
513 590 552 612 ex
575 580 683 612 ultima
705 580 841 618 :dignus=
865 579 953 610 vocis
977 579 1119 617 copulam
1142 582 1335 610 revocarunt
1356 576 1505 616 :dignu'sz
1530 577 1727 615 scribentes;
1757 586 1839 614 nam,
1867 586 1936 609 cum

200 625 298 662 poeta
319 623 352 654 in
375 623 485 654 eadem
508 622 689 654 sententiae
713 621 894 653 condicione
918 622 1035 652 Heaut.
1060 623 1121 652 812
1145 619 1216 650 Ibin
1239 620 1317 650 hinc
1339 629 1400 659 quo
1423 618 1546 658 dzgrnus
1567 617 1622 648 es?
1643 619 1787 656 dixisset,
1806 629 1863 651 cur
1884 620 1936 651 hic

200 666 343 705 copulam
366 665 513 702 omiserit,
538 674 597 696 non
620 664 833 703 intellegitur;
858 663 884 694 si
907 663 1001 702 plena
1024 664 1149 703 syllaba
1173 673 1231 695 :es=
1256 665 1393 696 molesta
1417 665 1488 694 erat
1513 672 1641 694 versum
1666 662 1808 700 facienti,
1832 662 1936 702 potuit

199 708 390 747 aphaeresin
413 708 574 745 adhibere,
597 707 628 738 id
651 707 731 745 quod
753 706 872 737 factum
897 710 955 737 est.

351 751 419 781 Non
441 750 543 789 magis
567 749 800 780 concedendum
824 751 874 780 est
1076 781 1078 784 ,

414 793 532 824 Heaut.
557 794 618 823 815
644 789 761 820 Vellem
784 789 891 820 lzercle
901 790 1048 829 sactum,
1073 790 1121 820 ita
1145 790 1289 821 meritu's
1313 803 1328 823 :z
1354 790 1518 821 Meritus?
1540 789 1718 830 quomodo?

197 835 310 867 iniuria
334 844 385 867 vv.
410 835 520 866 doctos
554 834 718 866 :meritu’s=
752 834 928 873 scripsisse.
963 835 1103 874 Namque
1136 836 1276 875 primum,
1304 844 1384 874 quae
1419 838 1469 866 est
1498 837 1662 866 structura
1696 833 1933 871 enuntiationis,

196 878 415 917 unusquisque,
447 878 527 917 quod
557 878 694 909 :venenu
726 878 900 915 antecedit,
940 878 966 908 si
998 879 1110 917 copula
1139 888 1256 910 revera
1290 879 1406 910 omissa
1443 881 1538 916 esset,
1567 887 1629 908 non
1664 887 1722 908 =es=
1755 877 1812 908 sed
1843 886 1933 908 =sum=

196 921 359 960 suppleret
382 921 587 959 cogitatione,
621 923 654 950 et
676 920 709 950 id
731 923 833 957 recte,
863 929 935 950 nam
958 920 1004 950 ita
1026 921 1191 960 flagitaret
1215 921 1296 952 ratio
1319 921 1546 960 grammatica3
1575 920 1738 957 sententia
1766 928 1844 950 vcro
1873 928 1933 950 =es=

194 965 231 993 ut
253 963 453 1001 suppleamus
482 963 633 1001 postulat.
670 962 743 1000 Sed,
774 963 836 992 etsi
866 962 1057 993 brevitatem
1081 963 1238 1000 quandam
1268 966 1301 993 et
1325 963 1526 993 alacritatem
1549 962 1600 992 hic
1629 962 1695 992 illic
1717 962 1749 992 in
1780 961 1933 1000 colloquio

194 1007 349 1043 appetunt
371 1005 556 1036 Terentiani
572 1005 723 1042 homines,
746 1009 853 1035 tamen
877 1015 1033 1042 nunquam
1056 1005 1199 1036 incidunt
1221 1006 1253 1036 in
1277 1006 1513 1036 obscuritatem.
1544 1005 1691 1035 Ceterum
1708 1004 1829 1041 videas,
1852 1004 1934 1041 quod

194 1047 332 1079 Olsenus
366 1047 444 1079 dicit
472 1047 511 1079 de
541 1047 659 1079 Heaut.
691 1050 751 1078 329
788 1046 870 1076 Tum
898 1046 985 1085 quod
1009 1045 1068 1076 illi
1091 1048 1265 1086 argentum
1294 1057 1326 1077 es
1347 1046 1526 1086 pollicitus,
1554 1045 1664 1076 eadem
1686 1044 1747 1075 hac
1769 1044 1933 1075 inveniam

193 1088 263 1119 via:
289 1092 402 1129 „atque
426 1091 478 1122 hic
502 1090 627 1128 quidem
650 1099 784 1121 necesse
809 1094 881 1121 erat
904 1100 964 1121 =es=
987 1094 1165 1129 poneretur,
1195 1091 1268 1130 quia
1291 1101 1327 1122 eo
1350 1091 1463 1123 omisso
1494 1090 1644 1129 coniungi
1667 1090 1806 1121 debebat
1835 1089 1932 1129 patti-

193 1132 306 1171 cipium
330 1142 398 1163 cum
421 1132 571 1164 :inveni0=
594 1134 694 1164 verbo
723 1135 756 1163 et
779 1142 871 1163 =sum=
901 1134 1030 1164 verbum
1062 1134 1229 1172 suppleri.“
1245 1133 1268 1171 ¹)
1302 1134 1391 1173 Quae
1415 1134 1515 1173 igitur
1544 1133 1624 1164 haec
1649 1136 1699 1163 est
1728 1130 1932 1163 constantia?

193 1172 283 1212 Quod
305 1178 411 1206 autem
440 1175 585 1212 Olsenus,
618 1178 654 1205 ut
681 1175 775 1206 fidem
803 1176 902 1207 addat
932 1185 1009 1206 suae
1040 1176 1166 1214 rationi,
1197 1177 1289 1207 dicit:
1326 1178 1451 1214 „Atque
1483 1176 1579 1207 etiam
1613 1176 1749 1206 alterum
1775 1174 1931 1205 :meritus=

193 1218 320 1249 verbum
344 1218 411 1249 sine
434 1226 525 1249 =sum=
539 1217 675 1257 positum
697 1218 829 1256 indicat,
853 1218 880 1249 si
895 1218 969 1257 quid
985 1218 1088 1256 video,
1106 1219 1286 1250 Terentium
1303 1229 1365 1251 non
1380 1218 1549 1258 scripsisse
1566 1217 1710 1249 =meritus
1726 1215 1804 1255 es=“,
1821 1217 1931 1248 statim

193 1260 239 1291 nil
261 1269 331 1291 eum
354 1260 472 1292 vidisse
496 1261 673 1291 addendum
697 1264 756 1298 est,
779 1270 851 1292 nam
876 1270 939 1291 non
962 1261 1042 1292 vidit
1064 1261 1120 1292 hos
1143 1262 1244 1293 locos:

499 1303 618 1334 Heaut.
645 1306 703 1334 192
766 1301 859 1340 Quid
879 1300 956 1331 ille?
978 1301 1131 1331 mis-erum
1153 1312 1186 1332 se
1208 1312 1273 1332 esse
1296 1315 1312 1332 :2
1338 1302 1524 1332 Mis-erum?
1628 1306 1661 1334 et

499 1345 580 1377 Eun.
605 1346 665 1377 756
689 1355 734 1384 sq.
861 1344 953 1374 Num
966 1343 1213 1385 formidulosus
1235 1344 1418 1380 obsecr-oles,
1442 1344 1491 1375 mi
1509 1344 1600 1375 homo
1624 1356 1640 1375 ::
1664 1344 1779 1384 Apage
1800 1342 1863 1374 sis.-

757 1387 852 1427 Egon
864 1387 1137 1427 formidulosus?

347 1430 457 1467 Neque
485 1431 600 1462 desunt
629 1431 744 1462 similia
771 1440 873 1470 neque
904 1440 965 1462 non
988 1432 1087 1462 habet
1112 1440 1200 1463 suam
1231 1433 1309 1463 haec
1337 1432 1532 1463 consuetudo
1555 1428 1818 1468 rationemeui
1849 1430 1930 1461 enini

193 1473 311 1504 dictum
334 1473 466 1504 alterius
489 1474 694 1511 admirantur,
729 1474 760 1505 in
783 1474 1034 1513 interrogatione
1066 1474 1098 1505 id
1122 1475 1220 1505 solum
1248 1475 1353 1506 solent
1382 1477 1540 1513 repetere,
1573 1474 1606 1505 in
1633 1483 1693 1512 quo
1727 1473 1848 1513 positus
1880 1476 1931 1503 est

193 1515 375 1548 sententiae
397 1515 490 1547 ictus.
514 1516 656 1556 Denique
679 1516 711 1548 in
735 1519 787 1548 sat
810 1516 901 1548 simili
924 1516 993 1548 loco
1016 1517 1099 1549 Eun.
1125 1520 1196 1555 750,
1221 1518 1274 1549 ubi
1298 1518 1329 1549 in
1352 1533 1405 1545 :=—
1435 1526 1465 1548 a=
1487 1516 1675 1548 terminatur
1702 1516 1929 1556 praedicatum,

193 1558 308 1597 copula
330 1558 476 1597 adposita
498 1562 566 1590 est:
590 1558 636 1587 Et
652 1557 789 1587 habetur
809 1560 841 1587 et
862 1558 1015 1598 refertur,
1046 1558 1155 1592 Thais,
1181 1558 1243 1587 tibi
1261 1558 1309 1587 ita
1333 1561 1373 1588 ut
1386 1558 1528 1587 merita's
1545 1558 1667 1597 gratio.
1690 1560 1810 1590 Iterum
1832 1558 1931 1595 igitur

193 1600 323 1632 exsistit
345 1600 499 1639 quaestio,
523 1610 579 1632 cur
601 1602 728 1632 tandem
751 1604 828 1632 tunc
851 1605 973 1632 tantum
998 1602 1111 1640 copula
1127 1602 1244 1633 omissa
1267 1603 1318 1640 sit,
1342 1603 1369 1633 si
1392 1603 1424 1633 in
1447 1614 1499 1626 ε·-
1516 1611 1565 1632 us:
1590 1605 1686 1633 exeat
1701 1601 1929 1641 praedicatum.

348 1643 423 1675 Cum
447 1652 567 1675 summa
589 1643 706 1676 fiducia
729 1643 865 1676 Olsenus
890 1645 1055 1676 contendit
1078 1645 1221 1684 copulam
1244 1645 1390 1677 omissam
1414 1654 1486 1676 esse

499 1687 617 1717 Heaut.
641 1688 703 1717 822
727 1696 771 1725 sq.
947 1709 949 1711 v
978 1686 1043 1715 iam
1067 1688 1240 1725 argentum
1264 1687 1310 1716 ad
1330 1696 1402 1716 eum
1426 1686 1552 1720 deferes

812 1727 908 1766 Quod
928 1728 961 1758 ci
974 1727 1153 1767 pollicitus.

349 1770 402 1801 Sic
425 1770 523 1801 habet
545 1771 669 1808 Bemb.;
694 1771 760 1801 rell.
784 1781 904 1802 omnes:
930 1782 977 1803 :es
993 1772 1176 1811 pollicitus=‚
1200 1782 1275 1810 quos
1292 1773 1397 1804 Bentl.
1415 1776 1545 1804 secutus
1561 1775 1620 1803 est.
1644 1772 1805 1803 Fleckeis.
1822 1776 1927 1803 autem

192 1815 226 1844 et
249 1812 372 1851 Umpf.:
402 1812 445 1843 :ei
475 1813 656 1851 pollicitus:
687 1830 725 1832 —
760 1823 839 1852 „qua
866 1815 994 1845 tandem
1024 1814 1196 1845 ratione?“
1231 1815 1357 1853 quaerit
1386 1816 1533 1847 Olsenus.
1564 1815 1713 1846 Nimirum
1740 1815 1866 1852 idcirco,
1896 1814 1928 1845 ni

189 1855 296 1893 fallor,
320 1855 402 1894 quod
425 1857 541 1894 putant
573 1865 631 1887 :es=
652 1856 683 1887 in
717 1856 827 1888 ultima
848 1857 1030 1896 :pollicitus2
1053 1857 1141 1889 vocis
1168 1858 1281 1892 latere,
1306 1858 1338 1889 in
1360 1858 1451 1890 libris
1483 1858 1560 1890 Call.
1585 1861 1690 1889 autem
1722 1859 1762 1889 ab
1794 1867 1842 1895 eo,
1876 1857 1928 1896 qui

188 1898 249 1928 hoc
272 1906 336 1928 non
358 1898 552 1936 intellegens
575 1899 717 1936 copulam
740 1899 953 1933 desiderabat,
983 1900 1064 1930 salso
1089 1900 1157 1930 loco
1181 1900 1333 1930 insertam
1361 1910 1440 1933 esse,
1467 1902 1546 1939 quod
1571 1901 1632 1931 iam
1657 1909 1754 1940 supra
1783 1900 1835 1930 hic
1863 1900 1926 1930 illic

189 1939 311 1972 factum
333 1939 480 1972 vidimus.
512 1939 564 1972 Sic
588 1949 663 1980 ergo
695 1943 782 1972 recte
806 1942 948 1974 Bembini
972 1942 1196 1974 auctoritatem
1220 1943 1351 1981 reliquis
1374 1945 1634 1983 anteposuerunt.
1673 1943 1769 1976 Simul
1800 1952 1839 1974 ex
1868 1943 1927 1974 hoc

187 1982 385 2024 potissimum
406 1982 477 2015 loco
501 1982 638 2015 Olsenus
669 1983 721 2015 vel
742 1984 875 2016 maxime
899 1988 993 2022 putat
1016 1994 1182 2025 apparere,
1207 1993 1268 2023 qua
1295 1986 1410 2018 iniuria
1444 1987 1582 2019 circulus
1614 1986 1668 2019 ille
1697 1986 1851 2026 adreptus
1883 1986 1926 2018 sit

187 2029 223 2057 ut
244 2025 421 2057 remedium
443 2034 539 2056 unum
563 2028 658 2063 atque
682 2026 868 2064 primarium.
896 2026 1024 2065 „Nam“,
1048 2028 1158 2066 inquit,
1183 2030 1230 2066 „si
1253 2038 1313 2059 =es=
1330 2030 1442 2060 deesse
1464 2030 1620 2069 nequiret,
1645 2030 1779 2061 deberet
1802 2028 1835 2059 id
1854 2029 1926 2068 poni

187 2067 338 2113 postfei:
362 2077 434 2113 cuni
459 2068 590 2106 reliquis
621 2068 718 2104 libris,
742 2069 812 2106 quia
839 2070 920 2101 haec
948 2071 1033 2108 apud
1057 2071 1241 2102 Terentium
1264 2071 1371 2103 inveni
1395 2073 1556 2111 exempla:
1590 2073 1670 2103 Hec.
1694 2081 1724 2103 v.
1750 2074 1810 2102 786
1842 2069 1929 2108 quod

186 2109 269 2139 milit
291 2118 326 2139 es
342 2107 498 2155 pollicita·
518 2110 588 2138 tute
609 2110 649 2138 ul
670 2118 781 2139 serves-
811 2112 925 2143 Heaut.
950 2122 978 2144 v.
1005 2116 1064 2144 329
1094 2111 1178 2141 Tum
1202 2112 1289 2151 quod
1309 2111 1363 2142 zlli
1380 2115 1554 2153 argentum
1576 2123 1609 2143 es
1625 2111 1796 2153 pollicitus
1817 2112 1926 2142 eadem

185 2151 247 2181 hac
269 2151 437 2181 inveniam
459 2151 544 2180 vta.“
570 2152 653 2183 Sane
676 2153 724 2183 his
748 2153 865 2185 duobus
888 2155 966 2186 loeis
989 2164 1048 2186 :es:
1073 2159 1147 2187 ante
1171 2156 1371 2195 participium
1393 2158 1531 2196 positum
1559 2161 1622 2194 est3
1652 2160 1696 2195 at,
1719 2166 1788 2188 cum
1820 2156 1926 2188 videa-

341 2262 363 2294 ¹)
383 2262 472 2295 Quare
490 2261 580 2293 miror,
599 2261 670 2293 quod
690 2260 801 2287 Olsenus
821 2263 900 2288 etiam
918 2264 1015 2290 Heaut.
1034 2266 1083 2290 579
1102 2273 1140 2297 sq.

913 2296 1033 2328 Clitipho,
1051 2298 1112 2323 haec
1129 2306 1173 2331 eqo
1186 2300 1321 2331 praecipio
1340 2299 1412 2325 tibi?

700 2328 822 2353 Hominis
834 2329 912 2362 frugi
929 2333 953 2355 et
970 2332 1135 2363 temperantis
1147 2332 1266 2364 functu’s
1283 2332 1406 2366 officium.

179 2374 222 2392 vv.
241 2365 336 2392 doctos
355 2372 389 2391 ex
406 2363 501 2391 ultima
518 2364 647 2390 :functw
666 2363 737 2390 vocis
758 2363 876 2396 copulam
893 2364 1024 2391 immerito
1043 2367 1197 2393 restituisse
1217 2368 1360 2396 contendit.
